1982 3230
123 566 234 606 886
264 567 370 611 acta
409 575 531 610 uero
571 565 800 624 correpta
838 559 1008 608 eadem
1047 562 1432 624 pronuntiantur
1468 566 1522 610 ut
1559 562 1729 626 cupii
1767 577 1868 630 qu-

261 69 329 121 92
527 67 529 69 ’
739 68 1038 110 MARTIANI
1068 68 1389 112 CAPELLAE

261 212 437 262 ductae
463 211 707 272 integram
732 207 956 273 regulam
993 211 1237 274 sequitur:
1275 210 1356 259 hic
1384 217 1457 260 est
1482 213 1566 276 qui
1590 213 1872 276 imperatiui

261 282 395 331 modi
455 279 678 342 regulam
727 279 776 327 in
833 278 1209 342 productionem
1258 282 1407 331 uertit
1457 288 1505 330 et
1551 284 1602 331 in
1649 282 1872 334 absoluta

261 352 425 416 specie
452 350 656 399 assumit
678 361 741 398 VI
767 347 1000 413 syllabam
1027 356 1075 398 et
1102 351 1151 399 in
1178 357 1346 400 exacta
1372 362 1574 400 VERAM
1601 357 1654 402 ut
1689 354 1870 416 cupio
1937 344 1951 394 ³·-
1980 361 1982 363 ’

263 421 481 485 cupiui
531 421 916 484 cupiueram.
1010 420 1131 469 haec
1179 421 1350 470 eadem
1401 427 1566 486 tamen
1622 422 1868 477 interdum

267 490 458 542 sublata
484 492 522 539 V
549 490 713 539 littera
751 492 802 538 in
837 488 1056 540 absoluta
1085 492 1248 554 specie
1286 497 1333 540 et
1359 493 1603 554 geminata
1631 491 1668 550 l,
1708 494 1758 542 in
1784 509 1866 543 ex·
1890 500 1946 540 ⁵3?

262 633 467 697 pieram.
534 630 780 679 secundus
806 630 981 679 modus
1009 637 1081 679 est
1107 633 1190 694 qui
1217 632 1404 695 primae
1431 632 1685 694 positionis
1709 631 1869 694 uerbo
1927 686 1933 696 ¹

263 701 303 751 Ο
342 701 555 750 litteram
596 701 800 764 deponit
838 707 887 749 et
923 707 1243 764 praeeuntem
1282 700 1647 765 syllabam‘seu
1683 708 1870 752 mutata

261 771 421 821 uocali
460 782 547 820 seu
584 775 940 835 perseuerante
976 770 1228 833 producit:
1288 771 1452 820 facio
1499 772 1646 830 feci,
1696 772 1869 836 fugio

262 842 416 903 fugi;
457 842 506 888 in
549 846 716 890 exacta
754 855 877 889 uero
916 842 1079 903 specie
1117 841 1137 889 Ι
1177 841 1393 905 deposita
1435 847 1483 891 et
1519 843 1570 891 in
1608 841 1647 890 E
1685 847 1869 892 mutata
1891 853 1962 908 1224

260 922 385 961 ΒΑΜ
422 910 658 975 syllabam
696 911 901 960 assumit
925 915 980 958 u't
1015 911 1287 960 feceram
1324 910 1620 974 fugeram.
1695 913 1870 961 tertius
1948 954 1949 960 ,

261 981 439 1031 modus
475 987 548 1030 est
583 995 694 1029 cum
730 980 751 1028 Ι
779 985 827 1028 et
852 979 892 1028 Ο
918 980 969 1027 in
994 981 1032 1030 V
1059 986 1107 1029 et
1140 980 1161 1029 I
1200 986 1560 1030 conuertuntur
1595 987 1651 1031 ut
1686 981 1869 1038 elicio
1944 1022 1948 1030 ,

263 1051 454 1101 elicui
493 1049 850 1099 elicueram.
927 1056 1129 1113 quartus
1165 1050 1397 1115 depositis
1423 1063 1443 1099 1
1471 1057 1518 1100 et
1545 1062 1582 1101 Ο
1619 1051 1794 1100 litteris
1820 1058 1869 1101 et
1931 1046 1934 1048 ’

176 1167 189 1175 ,.
260 1128 532 1186 praeeunte
569 1126 871 1169 consonante
895 1134 986 1184 per
1014 1119 1046 1170 S
1073 1121 1327 1182 geminum
1353 1121 1635 1170 enuntiatur
1659 1127 1713 1170 ut
1736 1135 1868 1186 per·
1927 1112 1967 1157 ³-

147 1406 230 1447 318

145 1827 228 1867 319

185 2842 197 2847 χ
260 2851 336 2878 ma
358 2841 398 2879 D
436 2837 455 2892 Η
503 2842 557 2881 30
589 2839 941 2892 coniugationes
975 2841 1185 2890 correpta
1214 2837 1254 2876 D
1339 2858 1347 2861 ·

263 1193 431 1240 cutio
483 1191 775 1255 percussi
821 1205 1276 1254 percusseram.
1352 1191 1550 1256 quintus
1587 1192 1672 1256 qui
1697 1205 1786 1256 per
1809 1190 1868 1248 X,
1919 1208 1943 1229 .

261 1267 315 1311 ut
352 1261 594 1325 aspicio
634 1261 846 1324 aspexi
883 1274 1260 1324 aspexeram.
1338 1267 1504 1310 sextus
1542 1262 1624 1325 qui
1658 1275 1749 1326 per
1787 1276 1870 1325 ge·
1943 1256 1945 1258 ¹

261 1332 582 1381 minationem
621 1328 834 1394 syllabae
875 1331 1157 1379 enuntiatur
1194 1335 1249 1379 ut
1284 1332 1464 1394 pario
1502 1331 1727 1396 peperi
1763 1345 1870 1395 pe·-
1933 1357 1978 1386 «s

261 1415 560 1466 pereram.
634 1400 809 1448 tertiae
835 1401 1194 1463 coniugationis
1221 1406 1478 1463 correptae
1513 1400 1695 1455 uerba,
1745 1414 1870 1465 quae
1954 1403 1971 1459 ς

260 1470 526 1520 indicatiuo
552 1469 700 1526 modo
727 1476 953 1532 tempore
978 1471 1228 1532 praesenti
1262 1484 1475 1532 persona
1499 1470 1660 1534 prima
1684 1469 1767 1519 VO
1792 1468 1869 1519 lit·

260 1542 378 1590 teris
405 1541 747 1596 terminantur,
777 1553 833 1588 ea
859 1541 1128 1602 praeterito
1157 1546 1203 1588 et
1229 1538 1454 1589 absoluto
1483 1545 1530 1588 et
1556 1545 1726 1589 exacto
1747 1539 1867 1589 duo·
1896 1540 1982 1582 ³¹7-ae

258 1611 353 1660 bus
377 1610 535 1659 modis
571 1609 907 1658 enuntiantur.
985 1616 1034 1658 et
1072 1615 1147 1658 est
1180 1609 1369 1672 primus
1403 1624 1516 1658 cum
1548 1611 1742 1674 primae
1778 1624 1868 1674 po·

260 1681 448 1730 sitionis
483 1678 639 1742 uerba
678 1679 717 1728 Ο
755 1679 809 1727 in
845 1677 865 1725 Ι
904 1685 1208 1728 commutant
1243 1684 1297 1727 ut
1333 1678 1521 1728 induo
1558 1678 1738 1727 indui
1774 1680 1868 1728 in·
1956 1683 1961 1705 -”

261 1750 510 1800 dueram
528 1788 539 1806 ,
580 1748 828 1798 secundus
855 1750 938 1811 qui
962 1763 1052 1812 per
1077 1749 1120 1797 X
1146 1749 1493 1812 pronuntiatur
1527 1754 1582 1797 ut
1617 1749 1868 1798 instruo

260 1820 533 1870 instruxi
569 1820 1011 1867 i'nstruxeram.
1063 1819 1235 1868 tertiae
1262 1824 1520 1882 correptae
1545 1817 1715 1874 uerba,
1744 1832 1869 1882 quae
1939 1876 1955 1885 ⁶

260 1891 527 1940 indicatiuo
555 1888 701 1938 modo
736 1893 962 1951 tempore
1001 1890 1251 1953 praesenti
1290 1902 1501 1950 persona
1539 1887 1766 1952 primae.
1791 1887 1866 1937 lit·

257 1967 366 2011 tera
393 1958 525 2010 nulla
553 1958 646 2008 alia
675 1957 835 2008 uocali
870 1957 1197 2022 praecedente
1223 1958 1564 2015 terminantur,
1603 1972 1659 2008 ea
1682 1955 1868 2023 in-<di-
1919 1955 1972 1992 ’ἶ

260 2031 420 2080 catino
447 2029 595 2078 modo
621 2041 848 2091 tempore
874 2029 1142 2092 praeterito
1179 2029 1343 2092 specie
1369 2027 1590 2077 absoluta
1617 2033 1665 2076 et
1699 2034 1868 2078 exacta
1939 2020 1982 2043 '⁵

260 2100 519 2150 duodecim
557 2099 718 2148 modis
756 2098 1079 2148 declinantur.
1155 2104 1203 2147 et
1241 2103 1314 2146 est
1347 2098 1536 2160 primus
1573 2098 1658 2161 qui
1695 2097 1870 2149 tertiae
1951 2137 1954 2139 Α

261 2170 619 2233 coniugationis
658 2167 928 2232 productae
974 2168 1219 2229 integram
1255 2166 1464 2215 formam
1516 2167 1764 2231 sequitur,
1813 2172 1869 2216 ut

261 2254 410 2304 supra
439 2239 743 2288 ostendimus
767 2239 818 2287 in
843 2238 922 2287 his
946 2236 1131 2294 uerhiS‚
1162 2251 1286 2300 quae
1311 2237 1483 2285 tertiae
1510 2236 1864 2299 coniugationis
1886 2238 1960 2288 sos

262 2315 520 2373 correptae
537 2308 804 2358 indicatiuo
818 2306 965 2356 modo
979 2312 1200 2369 tempore
1223 2306 1469 2369 praesenti
1482 2316 1693 2370 persona
1705 2307 1868 2370 prima
1979 2362 1982 2365 Α

258 2391 321 2430 10
359 2378 536 2428 litteris
573 2379 919 2428 terminantur.
1018 2382 1072 2425 ut
1110 2377 1239 2426 enim
1292 2382 1366 2425 est
1414 2377 1597 2440 cupio
1655 2376 1867 2440 cupiui
1942 2385 1982 2441 g:

263 2450 631 2515 cupiueram
669 2450 740 2498 sic
767 2457 907 2512 peto
945 2447 1147 2511 petiui
1185 2447 1543 2509 petiueram.
1594 2445 1719 2495 haec
1745 2460 1866 2508 quo·

262 2534 360 2583 que
396 2518 436 2566 V
470 2518 683 2568 litteram
732 2517 983 2583 interdum
1032 2516 1329 2566 subtrahunt
1377 2522 1425 2565 et
1462 2515 1481 2564 I
1519 2516 1770 2578 geminant
1810 2521 1867 2564 ut
1939 2551 1947 2566 .
1978 2534 1980 2539 ⁸

375 2674 400 2713 9
420 2672 686 2725 producitur
706 2672 769 2712 bR
804 2669 823 2724 ΙΙ
860 2672 911 2711 13
935 2673 980 2711 et
997 2675 1268 2722 punctuatum
1287 2670 1331 2710 z'n
1346 2669 1388 2708 B
1409 2681 1486 2709 om.
1516 2669 1554 2708 R
1589 2664 1608 2721 ΙΙ
1637 2668 1688 2708 10
1720 2678 1750 2706 u
1771 2670 1816 2708 et
1838 2679 1865 2708 o
1932 2691 1936 2694 ·

260 2727 433 2769 litteris
457 2728 596 2769 Grotii
615 2730 709 2770 cod.
742 2740 767 2767 o
790 2727 948 2767 littera
964 2726 1045 2767 BR
1074 2739 1132 2766 uo
1153 2725 1312 2765 littera
1342 2725 1365 2765 b
1386 2721 1404 2777 [Ι
1444 2726 1497 2764 23
1519 2724 1686 2776 quippe
1707 2736 1737 2762 x
1754 2723 1792 2763 R
1826 2718 1850 2776 {I
1946 2751 1955 2774 ,-

261 2783 316 2823 24
349 2788 561 2836 correpta
581 2785 620 2824 R
665 2780 686 2837 Π
734 2783 788 2823 25
825 2783 1032 2831 litteram
1053 2783 1094 2821 D
1143 2778 1162 2835 [Ι
1208 2783 1261 2821 27
1293 2793 1312 2820 s
1350 2780 1448 2821 ecie
1478 2779 1519 2818 B
1550 2791 1748 2831 persona
1774 2778 1865 2831 pri-
