1982 3230
262 115 369 169 328
742 115 1044 157 MARTIANI
1075 115 1396 159 CAPELLAE

267 266 319 308 et
344 266 483 307 ortus
510 257 625 305 facit
650 262 698 305 et
723 270 944 306 occasus.
991 258 1173 321 quippe
1199 257 1285 307 ubi
1311 259 1460 308 radiis
1485 259 1870 310 solaribusrcon-

270 330 464 378 dicione
506 327 720 390 partium
773 325 1011 376 liberatus
1055 334 1166 377 ante
1211 331 1506 393 emergentis
1556 329 1869 393 splendorem

269 398 455 447 iubaris
491 396 831 446 uibrabundus
857 404 1085 461 apparet,
1128 396 1256 447 ultra
1281 405 1528 450 terrarum
1563 400 1866 450 horizontem

268 466 570 518 subleuatuS.
647 481 760 515 nam
789 465 1121 535 ἀκρονυκτίῳ
1155 474 1265 518 ortu
1292 468 1372 518 hic
1399 484 1665 533 numquam
1692 471 1873 533 poterit

269 539 478 587 eleuari:
527 539 710 602 quippe
744 539 794 586 in
830 538 1068 587 diametro
1106 538 1234 588 Solis
1268 541 1439 602 positis
1473 546 1635 602 potest
1669 541 1872 590 euenire
1915 552 1943 585 5
1973 549 1981 555 ’

268 608 541 663 sideribus;
580 609 872 657 diametrum
900 610 949 656 in
978 610 1117 672 signo
1145 611 1352 673 septimo
1379 609 1692 673 perhibetur3
1727 612 1794 660 ita
1819 610 1874 665 fit

271 686 324 728 ut
350 680 467 734 iste,
509 680 592 742 qui
626 678 752 732 ultra
793 680 984 742 signum
1014 686 1061 728 et
1094 679 1296 728 alteram
1335 681 1559 742 exiguam
1595 681 1871 744 portionem

268 749 518 814 sequentis
545 749 715 798 abesse
741 764 841 797 non
861 751 1054 812 poterit,
1083 764 1182 798 non
1208 749 1276 798 illi
1303 752 1553 813 contingat
1577 758 1691 800 ortu
1716 748 1874 813 ἀκρο-

117 801 251 899 298ξὲ
271 818 467 885 νυκτίῳ
496 818 759 868 subleuari.
834 820 1045 882 denique
1072 835 1163 868 nec
1198 822 1501 869 contrarium
1538 821 1694 870 eidem
1735 822 1876 870 nouit

56 898 60 904 ²
274 904 504 948 occasum
552 890 635 938 sed
664 898 828 938 ortum
871 890 1038 938 itidem
1077 891 1416 953 uespertinum
1444 892 1582 948 facit,
1622 906 1732 940 cum
1759 897 1872 955 post
1895 905 1945 937 10

273 975 502 1009 occasum
531 959 659 1008 Solis
686 959 886 1008 luminis
913 961 988 1007 sui
1015 959 1239 1009 libertate
1275 959 1513 1010 clarescit.
1588 962 1706 1010 item
1732 976 1873 1011 occa-

273 1047 357 1080 sus
385 1030 508 1079 duos
535 1030 698 1085 habet,
727 1045 880 1078 unum
908 1044 1021 1079 cum
1048 1037 1161 1078 ante
1188 1029 1350 1078 Solem
1377 1045 1553 1093 parere
1579 1030 1752 1081 solitus
1778 1031 1874 1080 cla-

274 1103 418 1150 ritate
452 1100 577 1149 radii
614 1101 1013 1163 superuenIentis
1041 1100 1298 1157 occulitur,
1327 1099 1474 1150 alium
1505 1116 1614 1149 curn
1640 1101 1769 1149 idem
1795 1116 1874 1150 re-

273 1171 642 1233 trogradatione
682 1185 767 1219 sua
798 1171 1008 1219 uiciniae
1045 1170 1171 1220 Solis
1198 1171 1422 1220 admotus
1462 1170 1592 1220 idem
1619 1172 1799 1233 patitur
1824 1173 1875 1219 in

275 1257 472 1291 occasu.
538 1241 598 1290 ab
627 1256 684 1289 eo
712 1242 892 1304 quippe
921 1239 1046 1289 Solis
1072 1241 1256 1290 lumine
1283 1242 1409 1290 intra
1435 1242 1607 1304 uiginti
1629 1243 1873 1291 momenta
1899 1254 1944 1287 15

274 1313 445 1361 abesse
472 1326 571 1360 non
599 1313 793 1375 poterit,
822 1310 936 1361 licet
962 1311 1232 1360 maioribus
1258 1311 1479 1374 partibus
1505 1311 1761 1368 aberrarit,
1791 1313 1876 1375 qui

261 1383 397 1432 ,ultra
428 1383 697 1431 secundum
725 1383 919 1443 signum
947 1396 1044 1430 non
1066 1383 1246 1444 poterit
1267 1382 1493 1430 inueniri.
1535 1388 1581 1431 et
1600 1381 1688 1431 has
1714 1388 1877 1430 tamen

274 1452 648 1502 obscurationes
686 1457 920 1515 ortusque
956 1452 1245 1514 perspicuos
1272 1459 1447 1514 quarto
1475 1467 1670 1516 quoque
1706 1466 1876 1502 mense

276 1538 367 1571 nec
394 1523 635 1579 idffamen
663 1536 859 1584 semper
887 1521 1103 1570 offendit.

156 1598 238 1638 882
414 1595 473 1641 At
507 1591 695 1647 VenuS,
735 1607 859 1655 quae
894 1591 953 1640 ab
991 1591 1095 1640 aliis
1139 1591 1456 1654 Phosphoros
1505 1592 1810 1649 nominatur,
1848 1604 1945 1641 a20

270 1663 548 1727 Pythagora
574 1662 739 1710 Samio
768 1677 877 1710 cum
906 1663 1005 1711 suis
1031 1668 1273 1710 ostensast
1297 1662 1441 1710 terris
1465 1660 1736 1711 rationibus
1760 1676 1874 1726 per·

272 1734 525 1794 uestigata,
555 1739 601 1780 et
626 1733 727 1795 ipsa
751 1733 880 1781 circa
909 1733 1023 1780 anni
1051 1733 1258 1780 confinia
1281 1731 1466 1781 ambire
1495 1732 1732 1780 circulum
1759 1747 1874 1795 pro·
1904 1768 1907 1771 -

272 1805 434 1868 prium
462 1803 775 1866 perdocetur.
851 1817 965 1851 nam
994 1801 1165 1851 diebus
1191 1803 1423 1851 trecentis
1450 1808 1497 1850 et
1523 1801 1731 1866 aliquot,
1767 1801 1874 1851 lati-

277 1874 456 1938 tudinis
484 1888 605 1922 uero
633 1872 857 1940 partibus
885 1872 1142 1921 duodecim
1171 1872 1339 1921 Lunae
1366 1872 1533 1920 similis
1560 1879 1874 1935 peruagatur‚

274 1945 621 2008 quinquaginta
660 1944 920 1992 momentis
957 1958 983 1991 a
1012 1942 1139 1992 Solis
1167 1942 1288 1991 orbe
1316 1943 1594 1999 discedenS,
1626 1941 1741 1991 licet
1766 1941 1875 2006 plus
1897 1954 1945 1988 25

273 2015 595 2077 quadraginta
636 2029 719 2062 sex
748 2012 970 2076 partibus
997 2012 1230 2062 aberrare
1257 2028 1357 2061 non
1386 2012 1558 2062 ualeat.
1635 2019 1683 2061 et
1706 2013 1757 2060 in
1783 2028 1873 2062 suo

271 2087 426 2148 posita
465 2082 648 2131 circulo
686 2098 798 2132 eum
831 2084 966 2132 uaria
995 2083 1278 2132 diuersitate
1313 2083 1604 2139 circumdat,
1647 2083 1758 2146 quia
1785 2081 1896 2131 ali:

272 2154 470 2218 quando
509 2169 620 2201 eum
646 2154 962 2209 transcurrit,
1001 2151 1262 2216 aliquando
1298 2152 1612 2217 subsequitur
1637 2167 1730 2202 nec
1757 2166 1873 2202 con·
1906 2167 1909 2169 ·

387 2312 407 2348 1
441 2314 587 2350 ortum
620 2306 718 2346 B¹R
766 2303 785 2359 ll
834 2318 1047 2347 occasum
1078 2304 1178 2346 B¹R
1226 2303 1244 2359 []
1293 2307 1317 2345 ⁴2
1348 2306 1543 2346 libratus
1575 2306 1625 2346 br
1662 2302 1681 2358 Η
1729 2318 1875 2346 emer-

271 2371 436 2420 gentes
466 2363 566 2404 B¹R
605 2360 623 2417 ΙΙ
662 2365 687 2404 3
719 2364 968 2403 orizontem
998 2361 1080 2402 BR
1118 2359 1137 2415 ll
1174 2363 1201 2401 4
1240 2358 1532 2413 ἀκρονυκτίῳ
1564 2362 1710 2414 Botty.
1745 2375 1874 2403 acro-

271 2425 376 2462 nico
398 2421 480 2461 BR
507 2417 524 2474 Η
553 2419 644 2459 nisi
665 2420 712 2458 in
743 2420 836 2459 cod.
865 2419 981 2459 Grot.
1011 2414 1017 2472 Ι
1070 2421 1096 2458 5
1125 2430 1265 2471 posse
1286 2417 1328 2457 B
1351 2422 1505 2470 potest
1525 2419 1562 2459 R
1582 2425 1623 2458 et
1644 2417 1742 2469 (sed
1759 2431 1874 2461 rurs,

271 2476 376 2529 del.)
399 2478 423 2518 b
461 2490 551 2517 non
571 2479 726 2528 potest
741 2476 835 2516 cod.
860 2475 979 2517 Grot.
1031 2471 1038 2528 l
1078 2476 1104 2515 6
1130 2481 1230 2526 post
1250 2473 1516 2526 perhibetur
1537 2477 1579 2514 in
1599 2487 1677 2526 my.
1699 2473 1742 2513 B
1771 2475 1874 2514 add.

273 2540 354 2575 aut
393 2535 442 2573 in
481 2532 704 2585 quadrato
733 2531 945 2583 partibus
975 2530 1053 2571 XC
1086 2535 1166 2570 aut
1203 2531 1251 2570 in
1282 2530 1476 2585 tric&ro
1512 2531 1720 2583 partibus
1752 2529 1875 2570 CXX

275 2595 355 2630 aut
385 2590 432 2629 in
465 2589 659 2629 aduerso
681 2588 888 2640 partibus
911 2586 1119 2626 CLXXX
1157 2583 1175 2639 ΙΙ
1231 2586 1256 2625 8
1288 2586 1357 2626 illi
1388 2586 1453 2627 bR
1481 2587 1582 2626 illic
1604 2586 1646 2625 B
1684 2583 1705 2639 ss
1744 2597 1875 2625 acro-

273 2650 379 2686 nico
401 2646 482 2685 BR.
510 2642 528 2698 ΙΙ
559 2647 611 2686 10
641 2655 789 2684 orsum
811 2643 872 2682 B1
900 2639 918 2696 ΙΙ
958 2647 1106 2683 ort-um
1126 2643 1264 2682 sumit
1283 2643 1322 2682 R
1349 2639 1367 2695 ΙΙ
1396 2643 1507 2683 item
1522 2640 1577 2682 R¹
1605 2639 1624 2696 ΙΙ
1652 2642 1769 2682 facit
1789 2642 1873 2680 del.

274 2706 317 2743 in
338 2703 374 2742 R
414 2699 432 2755 Η
474 2704 526 2741 14
558 2702 652 2742 sui*
673 2699 714 2738 B
749 2696 767 2752 Η
803 2701 855 2739 15
876 2699 1059 2752 integra
1079 2699 1103 2739 b
1133 2699 1256 2738 intra
1276 2697 1358 2738 BR
1396 2695 1415 2751 Η
1454 2700 1505 2738 21
1527 2703 1753 2749 pytagora
1773 2695 1816 2736 B
1836 2694 1856 2749 Η

274 2762 460 2798 ostensa
493 2763 562 2797 est
588 2771 618 2809 p
651 2760 859 2796 ostensas
890 2755 971 2795 BR
1003 2758 1189 2795 ostensa
1219 2755 1242 2795 h
1283 2751 1302 2807 ΙΙ
1344 2755 1397 2794 26
1428 2753 1530 2806 plus
1552 2767 1579 2794 a
1600 2752 1748 2793 XLVI
1768 2765 1872 2805 par·

273 2814 398 2853 tibus
431 2814 471 2853 B
521 2810 538 2867 Η
597 2815 651 2860 Ξῖ
693 2812 800 2864 quia
830 2811 935 2850 XLI
976 2810 1156 2862 quando
1189 2810 1456 2862 (aliquando
1487 2809 1528 2860 r)
1558 2809 1596 2849 R
1647 2810 1754 2861 quia
1786 2807 1871 2848 ali-

273 2869 454 2920 quando
489 2868 534 2919 (a
568 2869 631 2909 ali
652 2870 693 2908 in
714 2881 804 2908 ras.
826 2869 924 2908 add.
951 2867 991 2918 b)
1017 2866 1065 2905 B‘
1097 2862 1115 2919 Η
1364 2880 1367 2882 ·
