<?xml version="1.0" encoding="UTF-8"?>
<!DOCTYPE html PUBLIC "-//W3C//DTD XHTML 1.0 Transitional//EN"
    "http://www.w3.org/TR/xhtml1/DTD/xhtml1-transitional.dtd">
<html xmlns="http://www.w3.org/1999/xhtml" xml:lang="en" lang="en">
 <head>
  <title>
</title>
<meta http-equiv="Content-Type" content="text/html;charset=utf-8" />
  <meta name='ocr-system' content='tesseract 3.04.00' />
  <meta name='ocr-capabilities' content='ocr_page ocr_carea ocr_par ocr_line ocrx_word'/>
</head>
<body>
  <div class='ocr_page' id='page_1' title='image "./martianvscapella00martuoft_0339.png"; bbox 0 0 1982 3230; ppageno 0'>
   <div class='ocr_carea' id='block_1_1' title="bbox 3 0 1713 131">
    <p class='ocr_par' dir='ltr' id='par_1_1' title="bbox 3 0 1713 131">
     <span class='ocr_line' id='line_1_1' title="bbox 3 0 1713 131; baseline 0.013 -22"><span class='ocrx_word' id='word_1_1' title='bbox 3 0 62 101; x_wconf 52' lang='grc' dir='ltr'><strong><em>ἶ</em></strong></span> <span class='ocrx_word' id='word_1_2' title='bbox 738 83 924 127; x_wconf 80' lang='lat' dir='ltr'>LIBER</span> <span class='ocrx_word' id='word_1_3' title='bbox 951 82 1043 127; x_wconf 84' lang='lat' dir='ltr'><strong>vn</strong></span> <span class='ocrx_word' id='word_1_4' title='bbox 1324 25 1328 30; x_wconf 89' lang='lat'><em>-</em></span> <span class='ocrx_word' id='word_1_5' title='bbox 1605 76 1713 131; x_wconf 83' lang='lat'><strong>265</strong></span> 
     </span>
    </p>
   </div>
   <div class='ocr_carea' id='block_1_2' title="bbox 95 221 1711 436">
    <p class='ocr_par' dir='ltr' id='par_1_2' title="bbox 95 221 1711 436">
     <span class='ocr_line' id='line_1_2' title="bbox 238 221 1708 291; baseline -0.005 -13"><span class='ocrx_word' id='word_1_6' title='bbox 238 228 431 278; x_wconf 85' lang='lat' dir='ltr'><strong>Dictum</strong></span> <span class='ocrx_word' id='word_1_7' title='bbox 452 227 676 277; x_wconf 82' lang='lat' dir='ltr'><strong>breuiter</strong></span> <span class='ocrx_word' id='word_1_8' title='bbox 702 227 812 291; x_wconf 87' lang='lat' dir='ltr'><strong>quis</strong></span> <span class='ocrx_word' id='word_1_9' title='bbox 844 239 1086 275; x_wconf 88' lang='lat' dir='ltr'><strong>numerus</strong></span> <span class='ocrx_word' id='word_1_10' title='bbox 1105 225 1321 290; x_wconf 90' lang='lat' dir='ltr'><strong>primum</strong></span> <span class='ocrx_word' id='word_1_11' title='bbox 1348 237 1550 273; x_wconf 87' lang='lat' dir='ltr'><strong>uersum</strong></span> <span class='ocrx_word' id='word_1_12' title='bbox 1576 221 1708 277; x_wconf 79' lang='lat' dir='ltr'><strong>facit,</strong></span> 
     </span>
     <span class='ocr_line' id='line_1_3' title="bbox 96 292 1711 365; baseline -0.004 -17"><span class='ocrx_word' id='word_1_13' title='bbox 96 314 222 365; x_wconf 90' lang='lat' dir='ltr'><strong>quos</strong></span> <span class='ocrx_word' id='word_1_14' title='bbox 249 299 456 349; x_wconf 87' lang='lat' dir='ltr'><strong>deorum</strong></span> <span class='ocrx_word' id='word_1_15' title='bbox 484 298 734 347; x_wconf 87' lang='lat' dir='ltr'><strong>contineat</strong></span> <span class='ocrx_word' id='word_1_16' title='bbox 759 311 979 361; x_wconf 85' lang='lat' dir='ltr'><strong>quasque</strong></span> <span class='ocrx_word' id='word_1_17' title='bbox 1013 296 1237 345; x_wconf 87' lang='lat' dir='ltr'><strong>uirtutes.</strong></span> <span class='ocrx_word' id='word_1_18' title='bbox 1299 295 1398 343; x_wconf 91' lang='lat' dir='ltr'><strong>iam</strong></span> <span class='ocrx_word' id='word_1_19' title='bbox 1433 308 1568 343; x_wconf 91' lang='lat' dir='ltr'><strong>nunc</strong></span> <span class='ocrx_word' id='word_1_20' title='bbox 1593 292 1711 359; x_wconf 89' lang='lat' dir='ltr'><strong>quid</strong></span> 
     </span>
     <span class='ocr_line' id='line_1_4' title="bbox 95 364 1709 436; baseline -0.005 -16"><span class='ocrx_word' id='word_1_21' title='bbox 95 372 202 436; x_wconf 90' lang='lat' dir='ltr'><strong>ipse</strong></span> <span class='ocrx_word' id='word_1_22' title='bbox 229 383 466 420; x_wconf 88' lang='lat' dir='ltr'><strong>numerus</strong></span> <span class='ocrx_word' id='word_1_23' title='bbox 492 369 559 417; x_wconf 87' lang='lat' dir='ltr'><strong>sit·</strong></span> <span class='ocrx_word' id='word_1_24' title='bbox 580 382 765 432; x_wconf 88' lang='lat' dir='ltr'><strong>quasue</strong></span> <span class='ocrx_word' id='word_1_25' title='bbox 800 368 930 417; x_wconf 88' lang='lat' dir='ltr'><strong>inter</strong></span> <span class='ocrx_word' id='word_1_26' title='bbox 957 381 1010 416; x_wconf 86' lang='lat' dir='ltr'><strong>se</strong></span> <span class='ocrx_word' id='word_1_27' title='bbox 1044 365 1294 429; x_wconf 82' lang='lat' dir='ltr'>analogias</span> <span class='ocrx_word' id='word_1_28' title='bbox 1332 370 1500 415; x_wconf 87' lang='lat' dir='ltr'><strong>seruet</strong></span> <span class='ocrx_word' id='word_1_29' title='bbox 1526 370 1576 414; x_wconf 88' lang='lat' dir='ltr'><strong>et</strong></span> <span class='ocrx_word' id='word_1_30' title='bbox 1609 364 1709 413; x_wconf 82' lang='lat' dir='ltr'><strong>for-</strong></span> 
     </span>
    </p>
   </div>
   <div class='ocr_carea' id='block_1_3' title="bbox 1742 230 1826 271">
    <p class='ocr_par' dir='ltr' id='par_1_3' title="bbox 1742 230 1826 271">
     <span class='ocr_line' id='line_1_5' title="bbox 1742 230 1826 271; baseline -0.012 0"><span class='ocrx_word' id='word_1_31' title='bbox 1742 230 1826 271; x_wconf 79' lang='lat'><strong>743</strong></span> 
     </span>
    </p>
   </div>
   <div class='ocr_carea' id='block_1_4' title="bbox 97 437 1873 500">
    <p class='ocr_par' dir='ltr' id='par_1_4' title="bbox 97 437 1873 500">
     <span class='ocr_line' id='line_1_6' title="bbox 97 437 1873 500; baseline -0.004 -10"><span class='ocrx_word' id='word_1_32' title='bbox 97 456 202 491; x_wconf 92' lang='lat' dir='ltr'><strong>mas</strong></span> <span class='ocrx_word' id='word_1_33' title='bbox 229 440 449 491; x_wconf 86' lang='lat' dir='ltr'><strong>breuiter</strong></span> <span class='ocrx_word' id='word_1_34' title='bbox 484 438 738 488; x_wconf 80' lang='lat' dir='ltr'><strong>intimabo,</strong></span> <span class='ocrx_word' id='word_1_35' title='bbox 798 452 1037 487; x_wconf 91' lang='lat' dir='ltr'><strong>numerus</strong></span> <span class='ocrx_word' id='word_1_36' title='bbox 1072 443 1146 486; x_wconf 89' lang='lat' dir='ltr'><strong>est</strong></span> <span class='ocrx_word' id='word_1_37' title='bbox 1180 437 1498 500; x_wconf 86' lang='lat' dir='ltr'><strong>congregatio</strong></span> <span class='ocrx_word' id='word_1_38' title='bbox 1535 450 1707 485; x_wconf 88' lang='lat' dir='ltr'><strong>mona·</strong></span> <span class='ocrx_word' id='word_1_39' title='bbox 1728 440 1873 484; x_wconf 68' lang='lat'><strong><em>2446*</em></strong></span> 
     </span>
    </p>
   </div>
   <div class='ocr_carea' id='block_1_5' title="bbox 18 506 1714 2411">
    <p class='ocr_par' dir='ltr' id='par_1_5' title="bbox 52 506 1710 643">
     <span class='ocr_line' id='line_1_7' title="bbox 52 506 1708 572; baseline -0.004 -11"><span class='ocrx_word' id='word_1_40' title='bbox 52 523 73 556; x_wconf 85' lang='lat'>⁵</span> <span class='ocrx_word' id='word_1_41' title='bbox 97 511 214 562; x_wconf 93' lang='lat' dir='ltr'><strong>dum</strong></span> <span class='ocrx_word' id='word_1_42' title='bbox 239 509 319 561; x_wconf 87' lang='lat' dir='ltr'><strong>uel</strong></span> <span class='ocrx_word' id='word_1_43' title='bbox 345 525 370 560; x_wconf 91' lang='lat' dir='ltr'><strong>a</strong></span> <span class='ocrx_word' id='word_1_44' title='bbox 400 509 610 559; x_wconf 80' lang='lat' dir='ltr'>monade</span> <span class='ocrx_word' id='word_1_45' title='bbox 645 509 853 558; x_wconf 88' lang='lat' dir='ltr'><strong>ueniens</strong></span> <span class='ocrx_word' id='word_1_46' title='bbox 887 506 1151 557; x_wconf 82' lang='lat' dir='ltr'><strong>multitudo</strong></span> <span class='ocrx_word' id='word_1_47' title='bbox 1188 514 1334 572; x_wconf 86' lang='lat' dir='ltr'><strong>atque</strong></span> <span class='ocrx_word' id='word_1_48' title='bbox 1362 508 1410 555; x_wconf 90' lang='lat' dir='ltr'><strong>in</strong></span> <span class='ocrx_word' id='word_1_49' title='bbox 1445 506 1708 556; x_wconf 83' lang='lat' dir='ltr'>monadem</span> 
     </span>
     <span class='ocr_line' id='line_1_8' title="bbox 97 576 1710 643; baseline -0.004 -11"><span class='ocrx_word' id='word_1_50' title='bbox 97 583 341 632; x_wconf 78' lang='lat' dir='ltr'><strong>desinens,</strong></span> <span class='ocrx_word' id='word_1_51' title='bbox 397 586 512 629; x_wconf 88' lang='lat' dir='ltr'><strong>sunt</strong></span> <span class='ocrx_word' id='word_1_52' title='bbox 537 586 700 629; x_wconf 89' lang='lat' dir='ltr'><strong>autem</strong></span> <span class='ocrx_word' id='word_1_53' title='bbox 735 579 932 628; x_wconf 89' lang='lat' dir='ltr'><strong>numeri</strong></span> <span class='ocrx_word' id='word_1_54' title='bbox 958 576 1197 643; x_wconf 86' lang='lat' dir='ltr'><strong>simplicis</strong></span> <span class='ocrx_word' id='word_1_55' title='bbox 1222 576 1424 641; x_wconf 84' lang='lat' dir='ltr'><strong>regulae</strong></span> <span class='ocrx_word' id='word_1_56' title='bbox 1451 582 1710 641; x_wconf 87' lang='lat' dir='ltr'><strong>quattuor:</strong></span> 
     </span>
    </p>

    <p class='ocr_par' dir='ltr' id='par_1_6' title="bbox 18 647 1711 996">
     <span class='ocr_line' id='line_1_9' title="bbox 18 647 1708 716; baseline -0.004 -14"><span class='ocrx_word' id='word_1_57' title='bbox 18 682 27 691; x_wconf 33' lang='grc' dir='ltr'><strong>ν-</strong></span> <span class='ocrx_word' id='word_1_58' title='bbox 95 654 255 716; x_wconf 85' lang='lat' dir='ltr'><strong>prima</strong></span> <span class='ocrx_word' id='word_1_59' title='bbox 282 657 355 702; x_wconf 88' lang='lat' dir='ltr'><strong>est</strong></span> <span class='ocrx_word' id='word_1_60' title='bbox 381 666 506 716; x_wconf 88' lang='lat' dir='ltr'><strong>quae</strong></span> <span class='ocrx_word' id='word_1_61' title='bbox 543 649 818 715; x_wconf 89' lang='lat' dir='ltr'><strong>appellatur</strong></span> <span class='ocrx_word' id='word_1_62' title='bbox 845 665 871 698; x_wconf 87' lang='lat' dir='ltr'><strong>a</strong></span> <span class='ocrx_word' id='word_1_63' title='bbox 897 647 1102 714; x_wconf 90' lang='lat' dir='ltr'><strong>paribus</strong></span> <span class='ocrx_word' id='word_1_64' title='bbox 1129 663 1236 713; x_wconf 89' lang='lat' dir='ltr'><strong>par,</strong></span> <span class='ocrx_word' id='word_1_65' title='bbox 1274 647 1490 698; x_wconf 88' lang='lat' dir='ltr'><strong>secunda</strong></span> <span class='ocrx_word' id='word_1_66' title='bbox 1519 662 1546 696; x_wconf 87' lang='lat' dir='ltr'><strong>a</strong></span> <span class='ocrx_word' id='word_1_67' title='bbox 1573 648 1708 711; x_wconf 91' lang='lat' dir='ltr'><strong>pari-</strong></span> 
     </span>
     <span class='ocr_line' id='line_1_10' title="bbox 95 716 1711 787; baseline -0.004 -15"><span class='ocrx_word' id='word_1_68' title='bbox 95 723 187 772; x_wconf 90' lang='lat' dir='ltr'><strong>bus</strong></span> <span class='ocrx_word' id='word_1_69' title='bbox 221 724 392 787; x_wconf 86' lang='lat' dir='ltr'><strong>inpar,</strong></span> <span class='ocrx_word' id='word_1_70' title='bbox 427 723 572 771; x_wconf 86' lang='lat' dir='ltr'><strong>tertia</strong></span> <span class='ocrx_word' id='word_1_71' title='bbox 610 721 670 770; x_wconf 92' lang='lat' dir='ltr'><strong>ab</strong></span> <span class='ocrx_word' id='word_1_72' title='bbox 699 719 959 784; x_wconf 79' lang='lat' dir='ltr'><strong>inparibus</strong></span> <span class='ocrx_word' id='word_1_73' title='bbox 995 735 1103 785; x_wconf 91' lang='lat' dir='ltr'><strong>par,</strong></span> <span class='ocrx_word' id='word_1_74' title='bbox 1143 724 1318 785; x_wconf 89' lang='lat' dir='ltr'><strong>quarta</strong></span> <span class='ocrx_word' id='word_1_75' title='bbox 1356 718 1417 768; x_wconf 88' lang='lat' dir='ltr'><strong>ab</strong></span> <span class='ocrx_word' id='word_1_76' title='bbox 1455 716 1711 783; x_wconf 86' lang='lat' dir='ltr'><strong>inparibus</strong></span> 
     </span>
     <span class='ocr_line' id='line_1_11' title="bbox 93 789 1710 858; baseline -0.003 -16"><span class='ocrx_word' id='word_1_77' title='bbox 93 794 251 858; x_wconf 82' lang='lat' dir='ltr'><strong>inpar,</strong></span> <span class='ocrx_word' id='word_1_78' title='bbox 280 808 401 858; x_wconf 89' lang='lat' dir='ltr'><strong>quas</strong></span> <span class='ocrx_word' id='word_1_79' title='bbox 426 792 633 841; x_wconf 77' lang='lat' dir='ltr'><strong>inferius</strong></span> <span class='ocrx_word' id='word_1_80' title='bbox 659 790 961 842; x_wconf 69' lang='lat' dir='ltr'><strong>memorabo</strong></span> <span class='ocrx_word' id='word_1_81' title='bbox 1020 796 1136 839; x_wconf 88' lang='lat' dir='ltr'><strong>sunt</strong></span> <span class='ocrx_word' id='word_1_82' title='bbox 1162 791 1308 839; x_wconf 83' lang='lat' dir='ltr'><strong>etiam</strong></span> <span class='ocrx_word' id='word_1_83' title='bbox 1337 790 1420 855; x_wconf 90' lang='lat' dir='ltr'><strong>qui</strong></span> <span class='ocrx_word' id='word_1_84' title='bbox 1445 789 1593 854; x_wconf 86' lang='lat' dir='ltr'><strong>primi</strong></span> <span class='ocrx_word' id='word_1_85' title='bbox 1619 803 1710 838; x_wconf 91' lang='lat' dir='ltr'><strong>nu-</strong></span> 
     </span>
     <span class='ocr_line' id='line_1_12' title="bbox 29 860 1711 928; baseline -0.001 -19"><span class='ocrx_word' id='word_1_86' title='bbox 29 877 72 910; x_wconf 83' lang='lat'><strong>10</strong></span> <span class='ocrx_word' id='word_1_87' title='bbox 98 865 221 913; x_wconf 90' lang='lat' dir='ltr'><strong>meri</strong></span> <span class='ocrx_word' id='word_1_88' title='bbox 248 862 574 928; x_wconf 80' lang='lat' dir='ltr'><strong>appellantur,</strong></span> <span class='ocrx_word' id='word_1_89' title='bbox 602 864 685 928; x_wconf 91' lang='lat' dir='ltr'><strong>qui</strong></span> <span class='ocrx_word' id='word_1_90' title='bbox 712 878 738 911; x_wconf 91' lang='lat' dir='ltr'><strong>a</strong></span> <span class='ocrx_word' id='word_1_91' title='bbox 770 861 905 912; x_wconf 90' lang='lat' dir='ltr'><strong>nullo</strong></span> <span class='ocrx_word' id='word_1_92' title='bbox 933 876 1145 911; x_wconf 88' lang='lat' dir='ltr'><strong>numero</strong></span> <span class='ocrx_word' id='word_1_93' title='bbox 1173 861 1327 910; x_wconf 91' lang='lat' dir='ltr'><strong>diuidi</strong></span> <span class='ocrx_word' id='word_1_94' title='bbox 1354 865 1585 925; x_wconf 83' lang='lat' dir='ltr'><strong>possunt,</strong></span> <span class='ocrx_word' id='word_1_95' title='bbox 1613 860 1711 908; x_wconf 90' lang='lat' dir='ltr'><strong>nisi</strong></span> 
     </span>
     <span class='ocr_line' id='line_1_13' title="bbox 93 932 1711 996; baseline -0.003 -12"><span class='ocrx_word' id='word_1_96' title='bbox 93 950 120 984; x_wconf 92' lang='lat' dir='ltr'><strong>a</strong></span> <span class='ocrx_word' id='word_1_97' title='bbox 143 935 351 983; x_wconf 85' lang='lat' dir='ltr'><strong>monade</strong></span> <span class='ocrx_word' id='word_1_98' title='bbox 378 941 567 984; x_wconf 90' lang='lat' dir='ltr'><strong>tantum</strong></span> <span class='ocrx_word' id='word_1_99' title='bbox 596 949 694 982; x_wconf 92' lang='lat' dir='ltr'><strong>non</strong></span> <span class='ocrx_word' id='word_1_100' title='bbox 717 933 871 983; x_wconf 88' lang='lat' dir='ltr'><strong>diuidi</strong></span> <span class='ocrx_word' id='word_1_101' title='bbox 897 933 983 982; x_wconf 92' lang='lat' dir='ltr'><strong>sed</strong></span> <span class='ocrx_word' id='word_1_102' title='bbox 1006 933 1239 996; x_wconf 91' lang='lat' dir='ltr'><strong>componi</strong></span> <span class='ocrx_word' id='word_1_103' title='bbox 1261 932 1496 981; x_wconf 89' lang='lat' dir='ltr'><strong>uidentur</strong></span> <span class='ocrx_word' id='word_1_104' title='bbox 1516 937 1568 981; x_wconf 85' lang='lat' dir='ltr'><strong>ut</strong></span> <span class='ocrx_word' id='word_1_105' title='bbox 1591 936 1711 996; x_wconf 89' lang='lat' dir='ltr'><strong>puta</strong></span> 
     </span>
    </p>

    <p class='ocr_par' dir='ltr' id='par_1_7' title="bbox 32 1001 1713 1351">
     <span class='ocr_line' id='line_1_14' title="bbox 93 1001 1711 1055; baseline -0.003 0"><span class='ocrx_word' id='word_1_106' title='bbox 93 1007 132 1055; x_wconf 93' lang='lat' dir='ltr'>V</span> <span class='ocrx_word' id='word_1_107' title='bbox 166 1004 250 1054; x_wconf 91' lang='lat' dir='ltr'><strong>VII</strong></span> <span class='ocrx_word' id='word_1_108' title='bbox 284 1005 350 1055; x_wconf 89' lang='lat' dir='ltr'><strong>XI</strong></span> <span class='ocrx_word' id='word_1_109' title='bbox 387 1004 498 1054; x_wconf 91' lang='lat' dir='ltr'><strong>Xlll</strong></span> <span class='ocrx_word' id='word_1_110' title='bbox 534 1005 663 1054; x_wconf 90' lang='lat' dir='ltr'>XVII</span> <span class='ocrx_word' id='word_1_111' title='bbox 704 1010 753 1054; x_wconf 87' lang='lat' dir='ltr'><strong>et</strong></span> <span class='ocrx_word' id='word_1_112' title='bbox 788 1010 953 1054; x_wconf 88' lang='lat' dir='ltr'><strong>cetera</strong></span> <span class='ocrx_word' id='word_1_113' title='bbox 991 1002 1191 1053; x_wconf 88' lang='lat' dir='ltr'><strong>similia:</strong></span> <span class='ocrx_word' id='word_1_114' title='bbox 1244 1001 1410 1052; x_wconf 91' lang='lat' dir='ltr'><strong>nullus</strong></span> <span class='ocrx_word' id='word_1_115' title='bbox 1455 1004 1586 1052; x_wconf 89' lang='lat' dir='ltr'><strong>enim</strong></span> <span class='ocrx_word' id='word_1_116' title='bbox 1627 1016 1711 1051; x_wconf 88' lang='lat' dir='ltr'><strong>eos</strong></span> 
     </span>
     <span class='ocr_line' id='line_1_15' title="bbox 94 1073 1713 1140; baseline -0.002 -15"><span class='ocrx_word' id='word_1_117' title='bbox 94 1091 332 1126; x_wconf 86' lang='lat' dir='ltr'><strong>numerus</strong></span> <span class='ocrx_word' id='word_1_118' title='bbox 359 1076 581 1124; x_wconf 87' lang='lat' dir='ltr'><strong>diuidere</strong></span> <span class='ocrx_word' id='word_1_119' title='bbox 620 1090 720 1124; x_wconf 90' lang='lat' dir='ltr'><strong>uno</strong></span> <span class='ocrx_word' id='word_1_120' title='bbox 758 1074 930 1124; x_wconf 83' lang='lat' dir='ltr'><strong>ordine</strong></span> <span class='ocrx_word' id='word_1_121' title='bbox 955 1080 1131 1139; x_wconf 90' lang='lat' dir='ltr'><strong>potest.</strong></span> <span class='ocrx_word' id='word_1_122' title='bbox 1197 1090 1292 1140; x_wconf 90' lang='lat' dir='ltr'><strong>qua</strong></span> <span class='ocrx_word' id='word_1_123' title='bbox 1331 1079 1536 1137; x_wconf 90' lang='lat' dir='ltr'><strong>propter</strong></span> <span class='ocrx_word' id='word_1_124' title='bbox 1563 1073 1713 1137; x_wconf 92' lang='lat' dir='ltr'><strong>primi</strong></span> 
     </span>
     <span class='ocr_line' id='line_1_16' title="bbox 95 1145 1711 1211; baseline -0.002 -15"><span class='ocrx_word' id='word_1_125' title='bbox 95 1145 420 1211; x_wconf 85' lang='lat' dir='ltr'><strong>appellantur,</strong></span> <span class='ocrx_word' id='word_1_126' title='bbox 450 1147 682 1210; x_wconf 89' lang='lat' dir='ltr'><strong>quoniam</strong></span> <span class='ocrx_word' id='word_1_127' title='bbox 709 1161 735 1194; x_wconf 88' lang='lat' dir='ltr'><strong>a</strong></span> <span class='ocrx_word' id='word_1_128' title='bbox 763 1145 897 1195; x_wconf 89' lang='lat' dir='ltr'><strong>nullo</strong></span> <span class='ocrx_word' id='word_1_129' title='bbox 933 1160 1141 1195; x_wconf 90' lang='lat' dir='ltr'><strong>numero</strong></span> <span class='ocrx_word' id='word_1_130' title='bbox 1179 1145 1473 1194; x_wconf 87' lang='lat' dir='ltr'><strong>exoriuntur</strong></span> <span class='ocrx_word' id='word_1_131' title='bbox 1510 1159 1603 1193; x_wconf 89' lang='lat' dir='ltr'><strong>nec</strong></span> <span class='ocrx_word' id='word_1_132' title='bbox 1630 1159 1711 1193; x_wconf 88' lang='lat' dir='ltr'><strong>ae-</strong></span> 
     </span>
     <span class='ocr_line' id='line_1_17' title="bbox 32 1214 1712 1281; baseline -0.001 -18"><span class='ocrx_word' id='word_1_133' title='bbox 32 1229 75 1263; x_wconf 84' lang='lat'><strong>15</strong></span> <span class='ocrx_word' id='word_1_134' title='bbox 98 1217 209 1281; x_wconf 91' lang='lat' dir='ltr'><strong>quis</strong></span> <span class='ocrx_word' id='word_1_135' title='bbox 242 1217 553 1281; x_wconf 86' lang='lat' dir='ltr'><strong>portionibus</strong></span> <span class='ocrx_word' id='word_1_136' title='bbox 590 1216 955 1266; x_wconf 90' lang='lat' dir='ltr'><strong>discernuntur.</strong></span> <span class='ocrx_word' id='word_1_137' title='bbox 1019 1231 1045 1265; x_wconf 89' lang='lat' dir='ltr'><strong>a</strong></span> <span class='ocrx_word' id='word_1_138' title='bbox 1081 1222 1239 1265; x_wconf 88' lang='lat' dir='ltr'><strong>semet</strong></span> <span class='ocrx_word' id='word_1_139' title='bbox 1273 1215 1424 1276; x_wconf 85' lang='lat' dir='ltr'><strong>igitur</strong></span> <span class='ocrx_word' id='word_1_140' title='bbox 1451 1216 1554 1264; x_wconf 89' lang='lat' dir='ltr'><strong>nati</strong></span> <span class='ocrx_word' id='word_1_141' title='bbox 1590 1214 1712 1262; x_wconf 92' lang='lat' dir='ltr'><strong>alios</strong></span> 
     </span>
     <span class='ocr_line' id='line_1_18' title="bbox 97 1285 1708 1351; baseline -0.002 -14"><span class='ocrx_word' id='word_1_142' title='bbox 97 1303 156 1337; x_wconf 86' lang='lat' dir='ltr'><strong>ex</strong></span> <span class='ocrx_word' id='word_1_143' title='bbox 182 1302 234 1338; x_wconf 88' lang='lat' dir='ltr'><strong>se</strong></span> <span class='ocrx_word' id='word_1_144' title='bbox 262 1293 432 1337; x_wconf 85' lang='lat' dir='ltr'><strong>creant</strong></span> <span class='ocrx_word' id='word_1_145' title='bbox 459 1302 717 1343; x_wconf 88' lang='lat' dir='ltr'><strong>numeros,</strong></span> <span class='ocrx_word' id='word_1_146' title='bbox 758 1287 990 1351; x_wconf 88' lang='lat' dir='ltr'><strong>quoniam</strong></span> <span class='ocrx_word' id='word_1_147' title='bbox 1018 1286 1079 1335; x_wconf 86' lang='lat' dir='ltr'><strong>ab</strong></span> <span class='ocrx_word' id='word_1_148' title='bbox 1113 1285 1371 1350; x_wconf 91' lang='lat' dir='ltr'><strong>inparibus</strong></span> <span class='ocrx_word' id='word_1_149' title='bbox 1406 1287 1544 1349; x_wconf 90' lang='lat' dir='ltr'><strong>paria</strong></span> <span class='ocrx_word' id='word_1_150' title='bbox 1570 1285 1708 1340; x_wconf 84' lang='lat' dir='ltr'><strong>fiunt,</strong></span> 
     </span>
    </p>

    <p class='ocr_par' dir='ltr' id='par_1_8' title="bbox 29 1356 1714 2411">
     <span class='ocr_line' id='line_1_19' title="bbox 96 1356 1712 1423; baseline -0.002 -16"><span class='ocrx_word' id='word_1_151' title='bbox 96 1374 124 1407; x_wconf 92' lang='lat' dir='ltr'><strong>a</strong></span> <span class='ocrx_word' id='word_1_152' title='bbox 159 1358 360 1423; x_wconf 89' lang='lat' dir='ltr'><strong>paribus</strong></span> <span class='ocrx_word' id='word_1_153' title='bbox 395 1359 538 1422; x_wconf 90' lang='lat' dir='ltr'><strong>inpar</strong></span> <span class='ocrx_word' id='word_1_154' title='bbox 573 1358 680 1407; x_wconf 88' lang='lat' dir='ltr'><strong>fieri</strong></span> <span class='ocrx_word' id='word_1_155' title='bbox 716 1357 850 1407; x_wconf 90' lang='lat' dir='ltr'><strong>nullo</strong></span> <span class='ocrx_word' id='word_1_156' title='bbox 895 1357 1044 1406; x_wconf 90' lang='lat' dir='ltr'><strong>modo</strong></span> <span class='ocrx_word' id='word_1_157' title='bbox 1081 1363 1257 1420; x_wconf 82' lang='lat' dir='ltr'><strong>potest.</strong></span> <span class='ocrx_word' id='word_1_158' title='bbox 1323 1371 1442 1419; x_wconf 84' lang='lat' dir='ltr'><strong>ergo</strong></span> <span class='ocrx_word' id='word_1_159' title='bbox 1483 1362 1531 1405; x_wconf 89' lang='lat' dir='ltr'><strong>et</strong></span> <span class='ocrx_word' id='word_1_160' title='bbox 1564 1356 1712 1420; x_wconf 89' lang='lat' dir='ltr'><strong>primi</strong></span> 
     </span>
     <span class='ocr_line' id='line_1_20' title="bbox 95 1425 1708 1493; baseline -0.001 -16"><span class='ocrx_word' id='word_1_161' title='bbox 95 1429 290 1478; x_wconf 88' lang='lat' dir='ltr'><strong>numeri</strong></span> <span class='ocrx_word' id='word_1_162' title='bbox 326 1429 604 1478; x_wconf 88' lang='lat' dir='ltr'><strong>necessario</strong></span> <span class='ocrx_word' id='word_1_163' title='bbox 641 1427 855 1478; x_wconf 89' lang='lat' dir='ltr'><strong>habendi</strong></span> <span class='ocrx_word' id='word_1_164' title='bbox 882 1426 1193 1492; x_wconf 80' lang='lat' dir='ltr'><strong>pulchrique.</strong></span> <span class='ocrx_word' id='word_1_165' title='bbox 1268 1426 1355 1477; x_wconf 88' lang='lat' dir='ltr'><strong>sed</strong></span> <span class='ocrx_word' id='word_1_166' title='bbox 1383 1441 1555 1476; x_wconf 90' lang='lat' dir='ltr'><strong>omnes</strong></span> <span class='ocrx_word' id='word_1_167' title='bbox 1581 1425 1708 1493; x_wconf 86' lang='lat' dir='ltr'><strong>&lt;nu-</strong></span> 
     </span>
     <span class='ocr_line' id='line_1_21' title="bbox 94 1498 1711 1564; baseline -0.001 -16"><span class='ocrx_word' id='word_1_168' title='bbox 94 1514 261 1550; x_wconf 91' lang='lat' dir='ltr'><strong>meros</strong></span> <span class='ocrx_word' id='word_1_169' title='bbox 296 1500 444 1564; x_wconf 89' lang='lat' dir='ltr'><strong>primi</strong></span> <span class='ocrx_word' id='word_1_170' title='bbox 478 1514 655 1549; x_wconf 89' lang='lat' dir='ltr'><strong>uersus</strong></span> <span class='ocrx_word' id='word_1_171' title='bbox 690 1499 781 1549; x_wconf 91' lang='lat' dir='ltr'><strong>sub</strong></span> <span class='ocrx_word' id='word_1_172' title='bbox 811 1499 887 1548; x_wconf 93' lang='lat' dir='ltr'><strong>his</strong></span> <span class='ocrx_word' id='word_1_173' title='bbox 913 1498 1102 1563; x_wconf 85' lang='lat' dir='ltr'><strong>regulis</strong></span> <span class='ocrx_word' id='word_1_174' title='bbox 1128 1503 1473 1548; x_wconf 77' lang='lat' dir='ltr'><strong>retractemus,</strong></span> <span class='ocrx_word' id='word_1_175' title='bbox 1536 1512 1711 1547; x_wconf 88' lang='lat' dir='ltr'><strong>monas</strong></span> 
     </span>
     <span class='ocr_line' id='line_1_22' title="bbox 30 1569 1712 1636; baseline 0.001 -21"><span class='ocrx_word' id='word_1_176' title='bbox 30 1582 74 1615; x_wconf 82' lang='lat'><strong>20</strong></span> <span class='ocrx_word' id='word_1_177' title='bbox 96 1569 294 1636; x_wconf 89' lang='lat' dir='ltr'><strong>quidem</strong></span> <span class='ocrx_word' id='word_1_178' title='bbox 331 1585 570 1620; x_wconf 87' lang='lat' dir='ltr'><strong>numerus</strong></span> <span class='ocrx_word' id='word_1_179' title='bbox 605 1585 703 1619; x_wconf 88' lang='lat' dir='ltr'><strong>non</strong></span> <span class='ocrx_word' id='word_1_180' title='bbox 732 1576 819 1619; x_wconf 89' lang='lat' dir='ltr'><strong>est.</strong></span> <span class='ocrx_word' id='word_1_181' title='bbox 886 1570 1002 1634; x_wconf 80' lang='lat' dir='ltr'><strong>dyas</strong></span> <span class='ocrx_word' id='word_1_182' title='bbox 1030 1585 1121 1634; x_wconf 91' lang='lat' dir='ltr'><strong>par</strong></span> <span class='ocrx_word' id='word_1_183' title='bbox 1150 1575 1237 1619; x_wconf 89' lang='lat' dir='ltr'><strong>est.</strong></span> <span class='ocrx_word' id='word_1_184' title='bbox 1301 1570 1423 1619; x_wconf 84' lang='lat' dir='ltr'><strong>trias</strong></span> <span class='ocrx_word' id='word_1_185' title='bbox 1465 1575 1513 1618; x_wconf 88' lang='lat' dir='ltr'><strong>et</strong></span> <span class='ocrx_word' id='word_1_186' title='bbox 1538 1569 1712 1618; x_wconf 86' lang='lat' dir='ltr'><strong>ordine</strong></span> 
     </span>
     <span class='ocr_line' id='line_1_23' title="bbox 96 1640 1708 1706; baseline -0.001 -16"><span class='ocrx_word' id='word_1_187' title='bbox 96 1647 143 1690; x_wconf 90' lang='lat' dir='ltr'><strong>et</strong></span> <span class='ocrx_word' id='word_1_188' title='bbox 180 1643 364 1690; x_wconf 87' lang='lat' dir='ltr'><strong>uirtute</strong></span> <span class='ocrx_word' id='word_1_189' title='bbox 402 1641 608 1706; x_wconf 90' lang='lat' dir='ltr'><strong>primus.</strong></span> <span class='ocrx_word' id='word_1_190' title='bbox 670 1648 824 1690; x_wconf 87' lang='lat' dir='ltr'><strong>tetras</strong></span> <span class='ocrx_word' id='word_1_191' title='bbox 866 1656 892 1690; x_wconf 94' lang='lat' dir='ltr'><strong>a</strong></span> <span class='ocrx_word' id='word_1_192' title='bbox 928 1640 1132 1704; x_wconf 88' lang='lat' dir='ltr'><strong>paribus</strong></span> <span class='ocrx_word' id='word_1_193' title='bbox 1169 1655 1256 1704; x_wconf 83' lang='lat' dir='ltr'><strong>par</strong></span> <span class='ocrx_word' id='word_1_194' title='bbox 1283 1646 1458 1704; x_wconf 89' lang='lat' dir='ltr'><strong>pentas</strong></span> <span class='ocrx_word' id='word_1_195' title='bbox 1495 1641 1708 1704; x_wconf 70' lang='lat' dir='ltr'><strong>primus</strong></span> 
     </span>
     <span class='ocr_line' id='line_1_24' title="bbox 96 1711 1712 1775; baseline -0.001 -14"><span class='ocrx_word' id='word_1_196' title='bbox 96 1711 247 1761; x_wconf 87' lang='lat' dir='ltr'><strong>hexas</strong></span> <span class='ocrx_word' id='word_1_197' title='bbox 285 1727 310 1761; x_wconf 93' lang='lat' dir='ltr'><strong>a</strong></span> <span class='ocrx_word' id='word_1_198' title='bbox 336 1711 538 1775; x_wconf 88' lang='lat' dir='ltr'><strong>paribus</strong></span> <span class='ocrx_word' id='word_1_199' title='bbox 575 1713 715 1775; x_wconf 89' lang='lat' dir='ltr'><strong>inpar</strong></span> <span class='ocrx_word' id='word_1_200' title='bbox 744 1718 790 1760; x_wconf 85' lang='lat' dir='ltr'><strong>et</strong></span> <span class='ocrx_word' id='word_1_201' title='bbox 818 1711 877 1760; x_wconf 88' lang='lat' dir='ltr'><strong>ab</strong></span> <span class='ocrx_word' id='word_1_202' title='bbox 921 1711 1176 1775; x_wconf 87' lang='lat' dir='ltr'><strong>inparibus</strong></span> <span class='ocrx_word' id='word_1_203' title='bbox 1220 1725 1309 1774; x_wconf 90' lang='lat' dir='ltr'><strong>par</strong></span> <span class='ocrx_word' id='word_1_204' title='bbox 1345 1711 1477 1759; x_wconf 88' lang='lat' dir='ltr'><strong>unde</strong></span> <span class='ocrx_word' id='word_1_205' title='bbox 1514 1716 1563 1759; x_wconf 91' lang='lat' dir='ltr'><strong>et</strong></span> <span class='ocrx_word' id='word_1_206' title='bbox 1598 1725 1712 1774; x_wconf 88' lang='lat' dir='ltr'><strong>per-</strong></span> 
     </span>
     <span class='ocr_line' id='line_1_25' title="bbox 96 1780 1710 1846; baseline -0.002 -15"><span class='ocrx_word' id='word_1_207' title='bbox 96 1781 256 1832; x_wconf 81' lang='lat' dir='ltr'><strong>fectus</strong></span> <span class='ocrx_word' id='word_1_208' title='bbox 290 1784 589 1832; x_wconf 88' lang='lat' dir='ltr'><strong>nominatur.</strong></span> <span class='ocrx_word' id='word_1_209' title='bbox 654 1783 827 1846; x_wconf 83' lang='lat' dir='ltr'><strong>heptas</strong></span> <span class='ocrx_word' id='word_1_210' title='bbox 863 1783 1068 1846; x_wconf 83' lang='lat' dir='ltr'><strong>primuS.</strong></span> <span class='ocrx_word' id='word_1_211' title='bbox 1132 1787 1268 1837; x_wconf 83' lang='lat' dir='ltr'><strong>oetas</strong></span> <span class='ocrx_word' id='word_1_212' title='bbox 1306 1798 1331 1831; x_wconf 89' lang='lat' dir='ltr'><strong>a</strong></span> <span class='ocrx_word' id='word_1_213' title='bbox 1365 1780 1570 1846; x_wconf 85' lang='lat' dir='ltr'><strong>paribus</strong></span> <span class='ocrx_word' id='word_1_214' title='bbox 1605 1796 1710 1845; x_wconf 91' lang='lat' dir='ltr'><strong>par.</strong></span> 
     </span>
     <span class='ocr_line' id='line_1_26' title="bbox 98 1852 1711 1917; baseline -0.001 -15"><span class='ocrx_word' id='word_1_215' title='bbox 98 1867 281 1902; x_wconf 88' lang='lat' dir='ltr'><strong>enneas</strong></span> <span class='ocrx_word' id='word_1_216' title='bbox 336 1853 399 1903; x_wconf 85' lang='lat' dir='ltr'><strong>ab</strong></span> <span class='ocrx_word' id='word_1_217' title='bbox 446 1852 703 1916; x_wconf 88' lang='lat' dir='ltr'><strong>inparibus</strong></span> <span class='ocrx_word' id='word_1_218' title='bbox 748 1854 905 1916; x_wconf 88' lang='lat' dir='ltr'><strong>inpar.</strong></span> <span class='ocrx_word' id='word_1_219' title='bbox 1001 1853 1146 1902; x_wconf 88' lang='lat' dir='ltr'><strong>decas</strong></span> <span class='ocrx_word' id='word_1_220' title='bbox 1190 1852 1250 1900; x_wconf 87' lang='lat' dir='ltr'><strong>ab</strong></span> <span class='ocrx_word' id='word_1_221' title='bbox 1305 1852 1561 1917; x_wconf 88' lang='lat' dir='ltr'><strong>inparibus</strong></span> <span class='ocrx_word' id='word_1_222' title='bbox 1605 1867 1711 1916; x_wconf 88' lang='lat' dir='ltr'><strong>par.</strong></span> 
     </span>
     <span class='ocr_line' id='line_1_27' title="bbox 33 1921 1711 1989; baseline -0.001 -19"><span class='ocrx_word' id='word_1_223' title='bbox 33 1934 76 1968; x_wconf 82' lang='lat'><strong>25</strong></span> <span class='ocrx_word' id='word_1_224' title='bbox 99 1925 170 1972; x_wconf 90' lang='lat' dir='ltr'><strong>sic</strong></span> <span class='ocrx_word' id='word_1_225' title='bbox 192 1925 261 1972; x_wconf 84' lang='lat' dir='ltr'><strong>uti</strong></span> <span class='ocrx_word' id='word_1_226' title='bbox 287 1925 338 1972; x_wconf 91' lang='lat' dir='ltr'><strong>in</strong></span> <span class='ocrx_word' id='word_1_227' title='bbox 365 1924 524 1987; x_wconf 87' lang='lat' dir='ltr'><strong>primo</strong></span> <span class='ocrx_word' id='word_1_228' title='bbox 554 1939 701 1972; x_wconf 89' lang='lat' dir='ltr'><strong>uersu</strong></span> <span class='ocrx_word' id='word_1_229' title='bbox 726 1923 826 1989; x_wconf 82' lang='lat' dir='ltr'><strong>ita&gt;</strong></span> <span class='ocrx_word' id='word_1_230' title='bbox 848 1930 895 1972; x_wconf 85' lang='lat' dir='ltr'><strong>et</strong></span> <span class='ocrx_word' id='word_1_231' title='bbox 922 1922 1243 1986; x_wconf 90' lang='lat' dir='ltr'><strong>sequentibus</strong></span> <span class='ocrx_word' id='word_1_232' title='bbox 1271 1923 1362 1972; x_wconf 88' lang='lat' dir='ltr'><strong>hae</strong></span> <span class='ocrx_word' id='word_1_233' title='bbox 1382 1922 1586 1986; x_wconf 86' lang='lat' dir='ltr'><strong>regulae</strong></span> <span class='ocrx_word' id='word_1_234' title='bbox 1612 1921 1711 1972; x_wconf 92' lang='lat' dir='ltr'><strong>col-</strong></span> 
     </span>
     <span class='ocr_line' id='line_1_28' title="bbox 52 1992 1713 2059; baseline -0.001 -17"><span class='ocrx_word' id='word_1_235' title='bbox 52 2020 54 2023; x_wconf 96' lang='lat'>·</span> <span class='ocrx_word' id='word_1_236' title='bbox 95 1992 330 2058; x_wconf 85' lang='lat' dir='ltr'><strong>liguntur.</strong></span> <span class='ocrx_word' id='word_1_237' title='bbox 394 1995 586 2059; x_wconf 90' lang='lat' dir='ltr'><strong>primus</strong></span> <span class='ocrx_word' id='word_1_238' title='bbox 624 1995 775 2058; x_wconf 81' lang='lat' dir='ltr'><strong>igitur</strong></span> <span class='ocrx_word' id='word_1_239' title='bbox 810 2009 987 2044; x_wconf 89' lang='lat' dir='ltr'><strong>uersus</strong></span> <span class='ocrx_word' id='word_1_240' title='bbox 1025 1999 1099 2043; x_wconf 87' lang='lat' dir='ltr'><strong>est</strong></span> <span class='ocrx_word' id='word_1_241' title='bbox 1139 2010 1165 2042; x_wconf 88' lang='lat' dir='ltr'><strong>a</strong></span> <span class='ocrx_word' id='word_1_242' title='bbox 1212 1993 1422 2043; x_wconf 86' lang='lat' dir='ltr'><strong>monade</strong></span> <span class='ocrx_word' id='word_1_243' title='bbox 1460 2009 1617 2058; x_wconf 88' lang='lat' dir='ltr'><strong>usque</strong></span> <span class='ocrx_word' id='word_1_244' title='bbox 1653 1993 1713 2041; x_wconf 82' lang='lat' dir='ltr'><strong>ad</strong></span> 
     </span>
     <span class='ocr_line' id='line_1_29' title="bbox 97 2064 1713 2130; baseline -0.001 -16"><span class='ocrx_word' id='word_1_245' title='bbox 97 2065 386 2122; x_wconf 88' lang='lat' dir='ltr'><strong>enneadem‚</strong></span> <span class='ocrx_word' id='word_1_246' title='bbox 416 2064 663 2114; x_wconf 88' lang='lat' dir='ltr'><strong>secundus</strong></span> <span class='ocrx_word' id='word_1_247' title='bbox 691 2081 715 2113; x_wconf 91' lang='lat' dir='ltr'><strong>a</strong></span> <span class='ocrx_word' id='word_1_248' title='bbox 745 2064 930 2114; x_wconf 82' lang='lat' dir='ltr'><strong>decade</strong></span> <span class='ocrx_word' id='word_1_249' title='bbox 958 2080 1114 2130; x_wconf 80' lang='lat' dir='ltr'><strong>usque</strong></span> <span class='ocrx_word' id='word_1_250' title='bbox 1142 2064 1200 2114; x_wconf 88' lang='lat' dir='ltr'><strong>ad</strong></span> <span class='ocrx_word' id='word_1_251' title='bbox 1229 2066 1510 2128; x_wconf 85' lang='lat' dir='ltr'><strong>nonaginta,</strong></span> <span class='ocrx_word' id='word_1_252' title='bbox 1542 2065 1713 2113; x_wconf 87' lang='lat' dir='ltr'><strong>tertius</strong></span> 
     </span>
     <span class='ocr_line' id='line_1_30' title="bbox 97 2134 1714 2201; baseline -0.001 -17"><span class='ocrx_word' id='word_1_253' title='bbox 97 2150 220 2184; x_wconf 88' lang='lat' dir='ltr'><strong>uero</strong></span> <span class='ocrx_word' id='word_1_254' title='bbox 247 2134 307 2183; x_wconf 91' lang='lat' dir='ltr'><strong>ab</strong></span> <span class='ocrx_word' id='word_1_255' title='bbox 336 2135 658 2184; x_wconf 84' lang='lat' dir='ltr'><strong>hecatontade</strong></span> <span class='ocrx_word' id='word_1_256' title='bbox 696 2150 851 2201; x_wconf 90' lang='lat' dir='ltr'><strong>usque</strong></span> <span class='ocrx_word' id='word_1_257' title='bbox 889 2135 948 2185; x_wconf 85' lang='lat' dir='ltr'><strong>ab</strong></span> <span class='ocrx_word' id='word_1_258' title='bbox 976 2140 1281 2199; x_wconf 85' lang='lat' dir='ltr'><strong>nongentos,</strong></span> <span class='ocrx_word' id='word_1_259' title='bbox 1311 2141 1516 2201; x_wconf 85' lang='lat' dir='ltr'><strong>quartus</strong></span> <span class='ocrx_word' id='word_1_260' title='bbox 1542 2136 1624 2201; x_wconf 92' lang='lat' dir='ltr'><strong>qui</strong></span> <span class='ocrx_word' id='word_1_261' title='bbox 1668 2141 1714 2183; x_wconf 84' lang='lat' dir='ltr'><strong>ct</strong></span> 
     </span>
     <span class='ocr_line' id='line_1_31' title="bbox 98 2204 1713 2272; baseline -0.001 -17"><span class='ocrx_word' id='word_1_262' title='bbox 98 2204 302 2263; x_wconf 81' lang='lat' dir='ltr'><strong>ultimus</strong></span> <span class='ocrx_word' id='word_1_263' title='bbox 341 2221 366 2255; x_wconf 87' lang='lat' dir='ltr'><strong>a</strong></span> <span class='ocrx_word' id='word_1_264' title='bbox 405 2205 535 2255; x_wconf 89' lang='lat' dir='ltr'><strong>mille</strong></span> <span class='ocrx_word' id='word_1_265' title='bbox 571 2222 725 2272; x_wconf 89' lang='lat' dir='ltr'><strong>usque</strong></span> <span class='ocrx_word' id='word_1_266' title='bbox 762 2205 822 2255; x_wconf 89' lang='lat' dir='ltr'><strong>ad</strong></span> <span class='ocrx_word' id='word_1_267' title='bbox 866 2221 1045 2255; x_wconf 88' lang='lat' dir='ltr'><strong>nouem</strong></span> <span class='ocrx_word' id='word_1_268' title='bbox 1090 2206 1250 2264; x_wconf 90' lang='lat' dir='ltr'><strong>milia,</strong></span> <span class='ocrx_word' id='word_1_269' title='bbox 1297 2205 1412 2256; x_wconf 89' lang='lat' dir='ltr'><strong>licet</strong></span> <span class='ocrx_word' id='word_1_270' title='bbox 1457 2221 1554 2255; x_wconf 89' lang='lat' dir='ltr'><strong>non</strong></span> <span class='ocrx_word' id='word_1_271' title='bbox 1591 2204 1713 2254; x_wconf 90' lang='lat' dir='ltr'><strong>nulli</strong></span> 
     </span>
     <span class='ocr_line' id='line_1_32' title="bbox 29 2275 1712 2339; baseline 0.001 -17"><span class='ocrx_word' id='word_1_272' title='bbox 29 2287 75 2321; x_wconf 77' lang='lat'><strong>30</strong></span> <span class='ocrx_word' id='word_1_273' title='bbox 99 2275 275 2325; x_wconf 86' lang='lat' dir='ltr'><strong>Graeci</strong></span> <span class='ocrx_word' id='word_1_274' title='bbox 301 2277 445 2325; x_wconf 87' lang='lat' dir='ltr'><strong>etiam</strong></span> <span class='ocrx_word' id='word_1_275' title='bbox 481 2277 636 2339; x_wconf 84' lang='grc' dir='ltr'>μύρια</span> <span class='ocrx_word' id='word_1_276' title='bbox 663 2277 901 2326; x_wconf 86' lang='lat' dir='ltr'><strong>adiecisse</strong></span> <span class='ocrx_word' id='word_1_277' title='bbox 927 2277 1207 2327; x_wconf 86' lang='lat' dir='ltr'><strong>uideantur.</strong></span> <span class='ocrx_word' id='word_1_278' title='bbox 1274 2277 1392 2325; x_wconf 90' lang='lat' dir='ltr'><strong>mihi</strong></span> <span class='ocrx_word' id='word_1_279' title='bbox 1419 2291 1541 2326; x_wconf 89' lang='lat' dir='ltr'><strong>uero</strong></span> <span class='ocrx_word' id='word_1_280' title='bbox 1578 2276 1712 2325; x_wconf 87' lang='lat' dir='ltr'><strong>solus</strong></span> 
     </span>
     <span class='ocr_line' id='line_1_33' title="bbox 100 2346 1711 2411; baseline -0.001 -16"><span class='ocrx_word' id='word_1_281' title='bbox 100 2361 336 2396; x_wconf 84' lang='lat' dir='ltr'><strong>numerus</strong></span> <span class='ocrx_word' id='word_1_282' title='bbox 364 2347 683 2411; x_wconf 86' lang='lat' dir='ltr'><strong>adprobatur,</strong></span> <span class='ocrx_word' id='word_1_283' title='bbox 714 2349 797 2411; x_wconf 85' lang='lat' dir='ltr'><strong>qui</strong></span> <span class='ocrx_word' id='word_1_284' title='bbox 824 2349 985 2411; x_wconf 87' lang='lat' dir='ltr'><strong>digitis</strong></span> <span class='ocrx_word' id='word_1_285' title='bbox 1012 2354 1300 2397; x_wconf 88' lang='lat' dir='ltr'><strong>coercetur:</strong></span> <span class='ocrx_word' id='word_1_286' title='bbox 1330 2346 1448 2397; x_wconf 89' lang='lat' dir='ltr'><strong>alias</strong></span> <span class='ocrx_word' id='word_1_287' title='bbox 1471 2347 1711 2411; x_wconf 90' lang='lat' dir='ltr'><strong>quaedam</strong></span> 
     </span>
    </p>
   </div>
   <div class='ocr_carea' id='block_1_6' title="bbox 123 2459 436 2465">
    <p class='ocr_par' dir='ltr' id='par_1_9' title="bbox 123 2459 436 2465">
     <span class='ocr_line' id='line_1_34' title="bbox 123 2459 436 2465; baseline 0 0"><span class='ocrx_word' id='word_1_288' title='bbox 123 2459 436 2465; x_wconf 95' lang='lat' dir='ltr'><strong> </strong></span> 
     </span>
    </p>
   </div>
   <div class='ocr_carea' id='block_1_7' title="bbox 23 2513 1716 2684">
    <p class='ocr_par' dir='ltr' id='par_1_10' title="bbox 23 2513 1716 2684">
     <span class='ocr_line' id='line_1_35' title="bbox 213 2513 1716 2570; baseline 0 -15"><span class='ocrx_word' id='word_1_289' title='bbox 213 2517 235 2555; x_wconf 92' lang='lat'>1</span> <span class='ocrx_word' id='word_1_290' title='bbox 270 2516 371 2567; x_wconf 86' lang='lat' dir='ltr'><strong>quis</strong></span> <span class='ocrx_word' id='word_1_291' title='bbox 403 2517 504 2558; x_wconf 81' lang='lat' dir='ltr'><strong>add.</strong></span> <span class='ocrx_word' id='word_1_292' title='bbox 527 2529 552 2555; x_wconf 82' lang='lat' dir='ltr'><strong>r</strong></span> <span class='ocrx_word' id='word_1_293' title='bbox 581 2521 622 2555; x_wconf 83' lang='lat' dir='ltr'><strong>ec</strong></span> <span class='ocrx_word' id='word_1_294' title='bbox 644 2517 786 2556; x_wconf 83' lang='lat' dir='ltr'><strong>deleta</strong></span> <span class='ocrx_word' id='word_1_295' title='bbox 808 2529 828 2556; x_wconf 88' lang='lat' dir='ltr'><strong>s</strong></span> <span class='ocrx_word' id='word_1_296' title='bbox 859 2516 882 2556; x_wconf 83' lang='lat' dir='ltr'><strong>b</strong></span> <span class='ocrx_word' id='word_1_297' title='bbox 932 2513 950 2570; x_wconf 83' lang='grc' dir='ltr'>Η</span> <span class='ocrx_word' id='word_1_298' title='bbox 1001 2519 1025 2556; x_wconf 94' lang='grc'>2</span> <span class='ocrx_word' id='word_1_299' title='bbox 1059 2517 1331 2558; x_wconf 81' lang='lat' dir='ltr'><strong>contineant</strong></span> <span class='ocrx_word' id='word_1_300' title='bbox 1362 2517 1385 2557; x_wconf 79' lang='lat' dir='ltr'><strong><em>b</em></strong></span> <span class='ocrx_word' id='word_1_301' title='bbox 1433 2513 1452 2570; x_wconf 83' lang='grc' dir='ltr'><strong>ΙΙ</strong></span> <span class='ocrx_word' id='word_1_302' title='bbox 1501 2518 1527 2557; x_wconf 89' lang='lat'><strong>3</strong></span> <span class='ocrx_word' id='word_1_303' title='bbox 1559 2515 1716 2556; x_wconf 83' lang='lat' dir='ltr'><strong>serbet</strong></span> 
     </span>
     <span class='ocr_line' id='line_1_36' title="bbox 23 2568 1714 2626; baseline 0 -15"><span class='ocrx_word' id='word_1_304' title='bbox 23 2581 29 2598; x_wconf 79' lang='grc'><strong>’-</strong></span> <span class='ocrx_word' id='word_1_305' title='bbox 100 2569 157 2611; x_wconf 70' lang='grc' dir='ltr'><strong>Βι</strong></span> <span class='ocrx_word' id='word_1_306' title='bbox 200 2568 220 2626; x_wconf 75' lang='grc' dir='ltr'><strong>Η</strong></span> <span class='ocrx_word' id='word_1_307' title='bbox 259 2573 283 2612; x_wconf 88' lang='lat'>6</span> <span class='ocrx_word' id='word_1_308' title='bbox 318 2571 553 2625; x_wconf 89' lang='lat' dir='ltr'><strong>simplices</strong></span> <span class='ocrx_word' id='word_1_309' title='bbox 576 2572 640 2612; x_wconf 67' lang='lat' dir='ltr'><strong>blf</strong></span> <span class='ocrx_word' id='word_1_310' title='bbox 678 2569 696 2625; x_wconf 71' lang='lat' dir='ltr'>ss</span> <span class='ocrx_word' id='word_1_311' title='bbox 738 2574 760 2612; x_wconf 82' lang='lat'><strong>7</strong></span> <span class='ocrx_word' id='word_1_312' title='bbox 783 2573 987 2613; x_wconf 85' lang='lat' dir='ltr'><strong>secunda</strong></span> <span class='ocrx_word' id='word_1_313' title='bbox 1012 2586 1038 2613; x_wconf 86' lang='lat' dir='ltr'><strong>a.</strong></span> <span class='ocrx_word' id='word_1_314' title='bbox 1061 2573 1250 2626; x_wconf 83' lang='lat' dir='ltr'><strong>paribus</strong></span> <span class='ocrx_word' id='word_1_315' title='bbox 1274 2586 1354 2615; x_wconf 85' lang='lat' dir='ltr'><strong>om.</strong></span> <span class='ocrx_word' id='word_1_316' title='bbox 1377 2571 1489 2613; x_wconf 77' lang='lat' dir='ltr'><strong>B¹R¹</strong></span> <span class='ocrx_word' id='word_1_317' title='bbox 1532 2569 1551 2626; x_wconf 85' lang='grc' dir='ltr'><strong>ΙΙ</strong></span> <span class='ocrx_word' id='word_1_318' title='bbox 1590 2574 1615 2612; x_wconf 91' lang='grc'><strong>9</strong></span> <span class='ocrx_word' id='word_1_319' title='bbox 1645 2572 1714 2611; x_wconf 87' lang='lat' dir='ltr'><strong>in—</strong></span> 
     </span>
     <span class='ocr_line' id='line_1_37' title="bbox 97 2625 1714 2684; baseline 0 -16"><span class='ocrx_word' id='word_1_320' title='bbox 97 2627 241 2669; x_wconf 79' lang='lat' dir='ltr'><strong>terius</strong></span> <span class='ocrx_word' id='word_1_321' title='bbox 261 2626 361 2669; x_wconf 86' lang='lat' dir='ltr'><strong>B¹R</strong></span> <span class='ocrx_word' id='word_1_322' title='bbox 409 2626 427 2683; x_wconf 86' lang='grc' dir='ltr'><strong>ΙΙ</strong></span> <span class='ocrx_word' id='word_1_323' title='bbox 480 2631 528 2669; x_wconf 81' lang='lat'><strong>11</strong></span> <span class='ocrx_word' id='word_1_324' title='bbox 561 2631 696 2681; x_wconf 82' lang='lat' dir='ltr'><strong>putas</strong></span> <span class='ocrx_word' id='word_1_325' title='bbox 727 2626 826 2669; x_wconf 76' lang='lat' dir='ltr'><strong>B&#39;R</strong></span> <span class='ocrx_word' id='word_1_326' title='bbox 873 2625 892 2681; x_wconf 81' lang='grc' dir='ltr'>Η</span> <span class='ocrx_word' id='word_1_327' title='bbox 945 2630 994 2669; x_wconf 86' lang='grc'><strong>12</strong></span> <span class='ocrx_word' id='word_1_328' title='bbox 1026 2629 1065 2669; x_wconf 92' lang='lat' dir='ltr'>V</span> <span class='ocrx_word' id='word_1_329' title='bbox 1095 2643 1173 2670; x_wconf 87' lang='lat' dir='ltr'><strong>om.</strong></span> <span class='ocrx_word' id='word_1_330' title='bbox 1198 2628 1298 2669; x_wconf 82' lang='lat' dir='ltr'><strong>B¹R</strong></span> <span class='ocrx_word' id='word_1_331' title='bbox 1346 2626 1365 2684; x_wconf 80' lang='grc' dir='ltr'>Η</span> <span class='ocrx_word' id='word_1_332' title='bbox 1399 2630 1468 2680; x_wconf 44' lang='grc'><strong>,16</strong></span> <span class='ocrx_word' id='word_1_333' title='bbox 1499 2641 1714 2669; x_wconf 88' lang='lat' dir='ltr'><strong>numerus</strong></span> 
     </span>
    </p>
   </div>
   <div class='ocr_carea' id='block_1_8' title="bbox 99 2681 1726 2739">
    <p class='ocr_par' dir='ltr' id='par_1_11' title="bbox 99 2681 1726 2739">
     <span class='ocr_line' id='line_1_38' title="bbox 99 2681 1726 2739; baseline 0 -14"><span class='ocrx_word' id='word_1_334' title='bbox 99 2685 139 2725; x_wconf 84' lang='lat' dir='ltr'><em>R</em></span> <span class='ocrx_word' id='word_1_335' title='bbox 186 2681 206 2738; x_wconf 82' lang='grc' dir='ltr'><strong>ΙΙ</strong></span> <span class='ocrx_word' id='word_1_336' title='bbox 257 2686 309 2726; x_wconf 85' lang='grc'><strong>18</strong></span> <span class='ocrx_word' id='word_1_337' title='bbox 339 2687 605 2726; x_wconf 80' lang='lat' dir='ltr'><strong>necessario</strong></span> <span class='ocrx_word' id='word_1_338' title='bbox 634 2699 663 2737; x_wconf 88' lang='lat' dir='ltr'><strong>p</strong></span> <span class='ocrx_word' id='word_1_339' title='bbox 710 2685 950 2725; x_wconf 84' lang='lat' dir='ltr'><strong>necessari</strong></span> <span class='ocrx_word' id='word_1_340' title='bbox 979 2685 1061 2726; x_wconf 82' lang='lat' dir='ltr'><strong>BR</strong></span> <span class='ocrx_word' id='word_1_341' title='bbox 1105 2685 1363 2726; x_wconf 84' lang='lat' dir='ltr'><strong>necessarii</strong></span> <span class='ocrx_word' id='word_1_342' title='bbox 1392 2686 1443 2726; x_wconf 80' lang='lat' dir='ltr'><strong>br</strong></span> <span class='ocrx_word' id='word_1_343' title='bbox 1491 2683 1510 2739; x_wconf 85' lang='grc' dir='ltr'>Η</span> <span class='ocrx_word' id='word_1_344' title='bbox 1568 2686 1726 2725; x_wconf 86' lang='lat' dir='ltr'><strong>omnis-</strong></span> 
     </span>
    </p>
   </div>
   <div class='ocr_carea' id='block_1_9' title="bbox 99 2737 1701 2796">
    <p class='ocr_par' dir='ltr' id='par_1_12' title="bbox 99 2737 1701 2796">
     <span class='ocr_line' id='line_1_39' title="bbox 99 2737 1701 2796; baseline 0.001 -15"><span class='ocrx_word' id='word_1_345' title='bbox 99 2737 153 2781; x_wconf 85' lang='lat' dir='ltr'><strong>R¹</strong></span> <span class='ocrx_word' id='word_1_346' title='bbox 192 2737 213 2794; x_wconf 89' lang='grc' dir='ltr'><strong>ΙΙ</strong></span> <span class='ocrx_word' id='word_1_347' title='bbox 251 2742 305 2781; x_wconf 87' lang='grc'><strong>22</strong></span> <span class='ocrx_word' id='word_1_348' title='bbox 338 2754 448 2782; x_wconf 81' lang='lat' dir='ltr'><strong>exas</strong></span> <span class='ocrx_word' id='word_1_349' title='bbox 470 2742 555 2782; x_wconf 90' lang='lat' dir='ltr'><strong>BD</strong></span> <span class='ocrx_word' id='word_1_350' title='bbox 594 2738 613 2795; x_wconf 77' lang='grc' dir='ltr'><strong>Ι]</strong></span> <span class='ocrx_word' id='word_1_351' title='bbox 652 2743 706 2782; x_wconf 90' lang='grc'><strong>23</strong></span> <span class='ocrx_word' id='word_1_352' title='bbox 742 2744 873 2794; x_wconf 84' lang='lat' dir='ltr'><strong>eptas</strong></span> <span class='ocrx_word' id='word_1_353' title='bbox 899 2741 980 2781; x_wconf 88' lang='lat' dir='ltr'><strong>BD</strong></span> <span class='ocrx_word' id='word_1_354' title='bbox 1020 2738 1038 2795; x_wconf 78' lang='grc' dir='ltr'><strong>[Ι</strong></span> <span class='ocrx_word' id='word_1_355' title='bbox 1078 2742 1218 2782; x_wconf 84' lang='lat' dir='ltr'><strong>ocdas</strong></span> <span class='ocrx_word' id='word_1_356' title='bbox 1242 2743 1282 2782; x_wconf 91' lang='lat' dir='ltr'><em>D</em></span> <span class='ocrx_word' id='word_1_357' title='bbox 1320 2738 1339 2795; x_wconf 78' lang='grc' dir='ltr'>Η</span> <span class='ocrx_word' id='word_1_358' title='bbox 1377 2743 1432 2783; x_wconf 86' lang='grc'><strong>25</strong></span> <span class='ocrx_word' id='word_1_359' title='bbox 1463 2739 1585 2796; x_wconf 60' lang='lat' dir='ltr'><strong>haec</strong></span> <span class='ocrx_word' id='word_1_360' title='bbox 1607 2741 1649 2782; x_wconf 93' lang='lat' dir='ltr'><em>B</em></span> <span class='ocrx_word' id='word_1_361' title='bbox 1678 2739 1701 2796; x_wconf 75' lang='grc' dir='ltr'>Η</span> 
     </span>
    </p>
   </div>
   <div class='ocr_carea' id='block_1_10' title="bbox 97 2794 1726 2852">
    <p class='ocr_par' dir='ltr' id='par_1_13' title="bbox 97 2794 1726 2852">
     <span class='ocr_line' id='line_1_40' title="bbox 97 2794 1726 2852; baseline 0.001 -16"><span class='ocrx_word' id='word_1_362' title='bbox 97 2794 152 2837; x_wconf 87' lang='grc'><strong>26</strong></span> <span class='ocrx_word' id='word_1_363' title='bbox 184 2800 255 2837; x_wconf 78' lang='lat' dir='ltr'><strong>est</strong></span> <span class='ocrx_word' id='word_1_364' title='bbox 284 2797 307 2838; x_wconf 85' lang='lat' dir='ltr'><strong>b</strong></span> <span class='ocrx_word' id='word_1_365' title='bbox 341 2801 386 2838; x_wconf 82' lang='lat' dir='ltr'><strong>et</strong></span> <span class='ocrx_word' id='word_1_366' title='bbox 415 2798 498 2839; x_wconf 87' lang='lat' dir='ltr'><strong>BR</strong></span> <span class='ocrx_word' id='word_1_367' title='bbox 547 2796 566 2852; x_wconf 79' lang='grc' dir='ltr'>Η</span> <span class='ocrx_word' id='word_1_368' title='bbox 614 2799 668 2838; x_wconf 81' lang='grc'><strong>28</strong></span> <span class='ocrx_word' id='word_1_369' title='bbox 702 2798 980 2838; x_wconf 80' lang='lat' dir='ltr'><strong>ecatontade</strong></span> <span class='ocrx_word' id='word_1_370' title='bbox 1006 2798 1087 2839; x_wconf 83' lang='lat' dir='ltr'><strong>BR</strong></span> <span class='ocrx_word' id='word_1_371' title='bbox 1136 2796 1154 2852; x_wconf 81' lang='grc' dir='ltr'>Η</span> <span class='ocrx_word' id='word_1_372' title='bbox 1211 2801 1266 2840; x_wconf 88' lang='grc'><strong>30</strong></span> <span class='ocrx_word' id='word_1_373' title='bbox 1297 2799 1444 2851; x_wconf 83' lang='lat' dir='ltr'><strong>myria</strong></span> <span class='ocrx_word' id='word_1_374' title='bbox 1475 2799 1526 2839; x_wconf 85' lang='lat' dir='ltr'><strong>br</strong></span> <span class='ocrx_word' id='word_1_375' title='bbox 1554 2813 1726 2852; x_wconf 71' lang='lat' dir='ltr'><strong>myrea·-=</strong></span> 
     </span>
    </p>
   </div>
   <div class='ocr_carea' id='block_1_11' title="bbox 91 2851 436 2909">
    <p class='ocr_par' dir='ltr' id='par_1_14' title="bbox 91 2851 436 2909">
     <span class='ocr_line' id='line_1_41' title="bbox 91 2851 436 2909; baseline 0.012 -17"><span class='ocrx_word' id='word_1_376' title='bbox 91 2852 136 2892; x_wconf 92' lang='lat' dir='ltr'><em>B</em></span> <span class='ocrx_word' id='word_1_377' title='bbox 165 2854 318 2894; x_wconf 87' lang='lat' dir='ltr'><strong>minea</strong></span> <span class='ocrx_word' id='word_1_378' title='bbox 339 2854 376 2895; x_wconf 75' lang='lat' dir='ltr'><em>R</em></span> <span class='ocrx_word' id='word_1_379' title='bbox 415 2851 436 2909; x_wconf 83' lang='lat'><strong>[1</strong></span> 
     </span>
    </p>
   </div>
   <div class='ocr_carea' id='block_1_12' title="bbox 1743 791 1828 834">
    <p class='ocr_par' dir='ltr' id='par_1_15' title="bbox 1743 791 1828 834">
     <span class='ocr_line' id='line_1_42' title="bbox 1743 791 1828 834; baseline 0.024 -3"><span class='ocrx_word' id='word_1_380' title='bbox 1743 791 1828 834; x_wconf 80' lang='lat'><strong>744</strong></span> 
     </span>
    </p>
   </div>
   <div class='ocr_carea' id='block_1_13' title="bbox 1745 1435 1840 1475">
    <p class='ocr_par' dir='ltr' id='par_1_16' title="bbox 1745 1435 1840 1475">
     <span class='ocr_line' id='line_1_43' title="bbox 1745 1435 1840 1475; baseline 0 0"><span class='ocrx_word' id='word_1_381' title='bbox 1745 1435 1840 1475; x_wconf 56' lang='lat'><strong>745«</strong></span> 
     </span>
    </p>
   </div>
   <div class='ocr_carea' id='block_1_14' title="bbox 1746 2284 1847 2325">
    <p class='ocr_par' dir='ltr' id='par_1_17' title="bbox 1746 2284 1847 2325">
     <span class='ocr_line' id='line_1_44' title="bbox 1746 2284 1847 2325; baseline -0.03 0"><span class='ocrx_word' id='word_1_382' title='bbox 1746 2284 1847 2325; x_wconf 66' lang='lat'><strong>743³</strong></span> 
     </span>
    </p>
   </div>
  </div>
 </body>
</html>
