1982 3230
338 143 440 194 172
709 149 714 153 ²
811 106 1110 183 MARTIANI
1141 130 1459 182 CAPELLAE

46 253 61 324 )
222 298 303 338 519
477 283 563 331 His
597 282 816 330 breuiter
854 282 1087 330 intimatis
1122 280 1275 344 pedes
1319 287 1433 330 sunt
1469 280 1724 332 asserendi
1757 281 1935 346 quibus
1967 311 1982 354 5

337 351 584 401 clausulae
620 351 853 400 decenter
890 357 1334 415 aptentu1.quos
1368 351 1565 414 quidem
1602 351 1772 401 Cic-ero
1815 366 1933 416 qua·
1965 358 1982 435 {

336 422 445 470 dam
474 423 712 497 permixta
741 422 1026 470 confusione
1051 436 1140 485 pei
1143 420 1309 470 turbat
1334 421 1449 471 dum
1477 421 1594 471 dicit
1612 421 1758 471 modo
1784 421 1935 470 ditro·
1973 438 1982 462 5

336 492 488 540 chaeo
537 484 958 546 concludendum,
1010 491 1156 540 modo
1208 505 1445 554 paeonem
1495 492 1710 555 primum
1757 490 1982 555 probat

333 561 696 624 incipientibus,
725 562 873 610 modo
894 560 1173 610 finientibus
1194 567 1443 623 quartum,
1470 562 1616 610 niodo
1637 560 1934 617 dochmium,
1971 559 1982 616 i

335 633 419 695 qui
446 637 635 680 constat
662 646 721 680 ex
755 631 912 686 breui,
943 630 1131 680 duabus
1157 630 1331 694 longiS,
1360 631 1500 679 breui
1527 636 1573 681 et
1599 630 1769 695 longa,
1799 631 1937 680 cuius
1974 627 1982 695 ξ

337 700 615 765 exemplum
650 703 812 764 posuit
846 701 1048 750 ‘amicos
1077 705 1246 757 tenes',
1284 702 1400 749 item
1437 701 1827 764 amphimacrum
1852 715 1936 764 pe·
1979 710 1982 746 ζ

335 771 447 819 dem
476 777 523 819 et
547 786 745 820 rursum
773 771 1062 835 dactylicum
1102 786 1363 820 numerum
1391 770 1572 819 laudat.
1647 770 1794 820 modo
1821 784 1936 820 ana·

333 842 606 903 paesticum
634 841 779 890 modo
814 839 852 907 †
878 840 1242 905 dithyrambum
1268 840 1435 889 laudat
1470 855 1562 890 nec
1597 847 1762 889 tamen
1801 846 1935 890 certa

334 910 573 958 sententia
600 919 688 960 est
766 924 857 972 ego
889 918 1055 959 tamen
1081 910 1506 974 compendiosiora
1532 925 1846 974 percurram,
1882 897 1982 976 ut1i

334 980 381 1027 in
410 980 503 1028 hac
529 979 652 1029 silua
681 980 972 1044 quibusdam
999 980 1171 1028 uidear
1198 981 1392 1044 praeire
1417 980 1709 1029 tramitibus.

219 1058 302 1097 520
474 1049 529 1098 In
575 1049 924 1101 monosvllabis
969 1050 1326 1112 inspiciendum
1383 1055 1547 1099 utrum
1589 1050 1748 1099 finalis
1790 1049 1935 1112 longa

175 1165 185 1213 Ξ
336 1118 571 1168 breuisne
598 1121 673 1168 sit.
750 1121 790 1168 si
817 1121 947 1168 enim
973 1119 1118 1182 longa
1147 1125 1234 1175 est,
1263 1121 1458 1183 praeire
1486 1119 1632 1168 debet
1655 1119 1932 1176 trochaeuS‚

30 1195 87 1285 s
110 1194 153 1217 ⁸-'
176 1197 265 1233 “⁴’‘
332 1195 386 1237 ut
414 1196 486 1238 est
512 1190 762 1239 Ciceronis
789 1194 910 1238 ‘non
938 1191 1119 1253 sc11pta
1145 1189 1230 1237 sed
1258 1197 1369 1238 nata
1397 1189 1494 1238 lex’
1520 1195 1603 1238 aut
1638 1189 1804 1239 ‘debet
1829 1203 1936 1238 esse

0 1284 31 1341 s
61 1291 65 1297 ,
333 1257 495 1320 legum
530 1263 581 1307 in
616 1276 672 1308 re
708 1259 904 1323 publica
943 1261 1103 1323 prima
1137 1263 1263 1308 uox'
1271 1275 1444 1323 ‚quae
1481 1266 1645 1308 tamen
1687 1258 1932 1323 pendente
1955 1256 1982 1305 u'

334 1342 481 1377 sensu
517 1335 627 1392 apta
664 1329 930 1379 conclusio.
1008 1335 1055 1377 at
1082 1344 1202 1378 uero
1230 1331 1271 1377 si
1306 1328 1472 1378 breuis
1506 1331 1655 1379 fuerit
1689 1327 1934 1394 monosyl-

333 1397 466 1454 laba,
505 1399 696 1447 iambus
734 1405 815 1447 aut
850 1406 1141 1462 anapaestus
1177 1400 1459 1456 antecedat,
1503 1406 1554 1448 ut
1589 1401 1654 1448 ait
1680 1398 1934 1448 Sallustius

46 1478 86 1509 υ
120 1476 161 1489 ‘·
190 1454 269 1516 ,μ’
335 1469 453 1515 ‘tota
481 1475 642 1517 autem
670 1469 825 1517 insula
853 1469 1043 1517 modica
1073 1474 1120 1517 et
1147 1468 1358 1517 cultibus
1383 1470 1533 1517 uariis
1560 1472 1667 1518 est'.
1727 1469 1932 1518 breuem

335 1552 457 1586 uero
487 1537 657 1588 breuis
696 1544 778 1587 aut
815 1538 1010 1602 longam
1036 1538 1179 1601 longa
1210 1553 1308 1587 non
1335 1539 1437 1587 sine
1473 1540 1832 1603 uituperatione
1857 1553 1932 1587 se-

335 1614 495 1656 ctatur
521 1614 576 1656 ut
601 1609 641 1656 si
667 1609 800 1657 dicas
835 1610 943 1657 ‘ista
969 1624 1050 1657 res
1082 1623 1189 1656 mea
1228 1611 1317 1657 est'
1355 1614 1436 1656 aut
1463 1614 1658 1664 contra,
1698 1609 1828 1673 quod
1857 1607 1930 1656 Ci-
1954 1619 1982 1652 21

336 1691 448 1725 cero
484 1691 576 1739 pro
604 1677 797 1741 Ligario
836 1681 954 1726 enon
982 1683 1034 1726 tu
1072 1693 1183 1726 eum
1209 1679 1366 1740 patria
1402 1679 1622 1740 priuare,
1653 1693 1747 1742 qua
1783 1683 1931 1734 caret,
1975 1672 1982 1722 Ξ

334 1746 419 1795 sed
443 1749 541 1795 uita
558 1749 672 1796 uis’.
726 1748 858 1812 quod
883 1747 1136 1797 uoluntate
1164 1753 1344 1803 orator,
1375 1763 1471 1796 non
1502 1763 1671 1796 errore
1695 1747 1932 1814 <compo-
1979 1760 1982 1802 j

333 1818 443 1865 suit.
519 1832 696 1866 uerum
731 1818 827 1866 hoc
863 1818 924 1866 de
966 1817 1302 1881 monosyllabo
1339 1819 1566 1881 superius
1613 1825 1932 1898 praeceptum

332 1886 381 1933 in
418 1885 525 1934 colo
557 1887 739 1937 melius
775 1886 1072 1937 collocamus
1098 1895 1181 1936 aut
1207 1894 1447 1937 commate
1479 1902 1579 1936 non
1614 1888 1666 1936 in
1690 1887 1787 1936 fine
1822 1901 1932 1968 sen·
1973 1883 1982 1922 ῗ

329 1957 528 2007 tentiae.
1955 1968 1982 2009 81

219 2034 299 2072 521
474 2025 739 2091 Dissyllaha
760 2042 880 2075 uero
900 2026 1114 2076 iambico
1136 2041 1344 2076 numero
1371 2042 1470 2075 non
1494 2028 1603 2076 iure
1625 2025 1932 2082 clauduntur,

182 2107 313 2147 1706
334 2094 412 2142 uel
450 2097 489 2143 si
526 2096 852 2158 paenultimus
888 2097 1136 2160 spondeus
1182 2112 1297 2144 mox
1339 2096 1531 2145 iambus
1578 2101 1772 2161 aptetur
1806 2100 1862 2145 ut
1894 2097 1934 2145 si

47 1369 264 1442 υ-Ἷψ

331 2289 401 2330 III
447 2236 472 2342 ἦ
506 2234 699 2339 21111ξᾶ
720 2236 802 2274 215
832 2246 930 2287 sqq.
981 2231 999 2287 ΙΙ
1050 2236 1103 2274 14
1129 2243 1176 2286 p.
1198 2234 1295 2274 Mil.
1324 2235 1347 2283 ξ
1372 2236 1424 2275 10
1471 2232 1490 2287 Η
1541 2235 1592 2274 18
1625 2248 1679 2275 ex
1699 2235 1820 2278 Hist.
1849 2233 1930 2275 lib.

333 2429 373 2467 I.
400 2430 444 2471 C.
468 2429 661 2481 Scaliyer
689 2435 804 2480 poet.
826 2429 887 2468 II
914 2431 970 2469 39
1000 2429 1119 2482 perit
1151 2430 1276 2469 auita
1306 2428 1487 2482 uipedis
1518 2429 1600 2469 BR
1647 2425 1666 2482 Η
1715 2429 1740 2468 5
1770 2426 1930 2468 finien-

332 2485 544 2537 tibusque
584 2483 645 2524 Βι
702 2482 720 2538 Η
787 2488 997 2537 quartum
1036 2487 1137 2525 add.
1178 2483 1367 2525 Halmius
1405 2487 1556 2525 collato
1598 2484 1683 2527 Cia.
1720 2485 1774 2524 de
1812 2483 1932 2527 Orat.

331 2540 421 2579 III
456 2541 479 2589 ξ
514 2543 599 2581 183
639 2544 776 2592 atque
817 2540 888 2579 illi
926 2541 1197 2594 philosopho
1237 2538 1503 2593 (Aristoteli)
1542 2539 1684 2580 ordiri
1718 2539 1874 2592 placet
1903 2552 1933 2580 a

333 2597 567 2648 superiore
614 2609 791 2648 paeone
830 2595 876 2648 (i.
908 2610 946 2638 e.
976 2597 1028 2637 ab
1058 2610 1129 2647 eo,
1171 2599 1242 2648 qai
1271 2611 1298 2636 a
1333 2600 1456 2649 longa
1484 2596 1647 2649 syllaba
1683 2592 1863 2647 oritur),
1903 2608 1931 2635 a

332 2652 585 2702 posterioie
623 2652 753 2692 finire
812 2650 830 2706 Η
887 2652 1130 2692 docimium
1158 2652 1241 2692 BR
1287 2649 1307 2706 1]
1357 2655 1380 2693 7
1420 2651 1777 2704 amphimacrum
1803 2649 1847 2689 B
1893 2647 1913 2704 Η

332 2709 358 2747 8
389 2707 519 2747 1110ᾶο
543 2712 782 2760 anapaest.
805 2731 858 2736 ——
879 2708 1038 2747 laudat
1068 2721 1144 2749 om.
1167 2708 1208 2748 E
1243 2705 1262 2762 [l
1296 2710 1321 2748 9
1353 2706 1714 2760 dytyrambicum
1735 2707 1773 2746 R
1796 2703 1928 2756 (corr.

332 2762 735 2814 dytyriambicum)
770 2764 1111 2806 d**1*ambum
1138 2764 1180 2803 B
1226 2763 1575 2803 detirambicum
1603 2762 1627 2801 b
1658 2766 1847 2814 corrupt.
1869 2762 1929 2801 si

328 2830 450 2868 ynam
481 2821 581 2859 add.
604 2820 798 2859 Halmius
836 2817 856 2873 11
904 2823 955 2861 16
987 2831 1142 2859 sensui
1161 2818 1220 2858 B¹
1261 2816 1279 2872 Η
1319 2822 1430 2870 apta
1460 2820 1529 2857 est
1556 2817 1579 2857 b
1627 2814 1645 2870 Η
1693 2818 1744 2857 18
1776 2815 1928 2857 insola

330 2873 368 2911 R
407 2870 425 2925 Η
465 2876 515 2913 21
549 2887 649 2914 eum
670 2875 733 2915 Bb
766 2877 887 2915 enim
911 2877 954 2915 B
986 2887 1092 2926 eigo
1124 2875 1223 2914 libri
1246 2875 1428 2914 Tulliani
1463 2870 1482 2926 ΙΙ
1859 2902 1862 2905 -
