1982 3230
1949 75 1979 135 ,3³

297 117 338 157 L
483 112 832 157 PRAEFATIO
855 112 921 155 IN
939 111 1313 156 MARTIANVM
1334 111 1668 155 GAPELLAM
1704 137 1709 139 -

299 242 498 308 quidem
535 243 585 290 in
623 239 825 291 aethere
851 239 1066 303 positum
1093 240 1171 290 sit.
1231 239 1327 288 hoc
1352 247 1557 305 apparet
1581 254 1697 290 cum
1722 255 1782 291 ex
1807 243 1927 292 uni·

299 342 443 376 uersa
482 323 716 374 Lobeckii
761 321 1011 389 (Aglaopb.
1051 323 1072 371 Ι
1109 338 1157 388 p.
1186 321 1294 374 499
1319 322 1410 389 sq.)
1449 324 1780 389 disputatione
1815 331 1926 377 tum'

302 426 361 460 ex
417 410 552 458 bisce
596 407 827 472 Orphicis
882 406 1142 457 uersiculis
1198 408 1354 474 (apud
1394 407 1650 466 Proclum,
1705 409 1772 460 111
1816 404 1951 462 154*

300 495 363 543 IV
388 491 510 558 283)
548 493 609 542 ab
637 508 695 542 eo
721 492 926 542 laudatis

410 576 608 640 μήεατο
635 576 691 628 δ’
718 575 887 639 ἄλλην
915 577 1074 637 γαῖαν
1102 573 1376 639 ἀπείριτον
1400 575 1468 640 ἥν
1493 592 1550 630 τε
1577 577 1805 643 εελήνην

414 659 672 713 ἀθάνατοι
697 661 999 729 κλῄζουειν,
1030 659 1324 725 ἐπιχθόνιοι
1350 660 1409 713 δέ
1435 677 1492 714 τε
1519 661 1714 726 μήνην,

409 745 442 809 ἣ
468 744 609 796 πόλλ
626 744 639 763 ³
667 744 820 809 oope’
847 743 955 808 ἔχει
980 743 1121 796 πόλλ
1139 744 1152 763 ²
1177 743 1335 798 ἄετεα
1360 745 1538 798 πολλὰ
1563 745 1814 811 μέλαθρα.
1875 790 1877 795 ⁴

305 832 471 895 itaque
508 830 630 880 haec
668 829 967 880 semouenda
1006 836 1133 880 sunt.
1210 830 1297 880 sed
1333 830 1623 896 Fulgentius
1669 831 1844 898 (myth.
1880 831 1926 882 ΙΙ

306 922 427 964 extr.
461 914 722 965 Stauereni
750 931 797 980 p.
830 912 933 965 700
956 914 1047 980 sq.)
1087 914 1147 964 de
1182 913 1296 965 luna
1331 915 1455 966 haec
1490 915 1639 966 habet
1675 917 1813 967 ‘siue
1839 930 1926 982 pa·
1971 927 1974 929 ·

270 1001 274 1003 ’
306 1006 491 1050 storem
529 999 885 1064 Endymionem
933 1012 1124 1048 amasse
1160 998 1317 1048 fertur
1355 999 1484 1064 quod
1519 1001 1751 1050 nocturni
1795 1000 1931 1050 roris

306 1084 486 1133 humor
509 1099 655 1147 quem
682 1086 897 1146 aporria
923 1082 1143 1132 siderum
1171 1089 1317 1148 atque
1347 1085 1504 1149 ipsius
1535 1083 1682 1134 lunae
1707 1085 1929 1134 animan-

308 1169 382 1218 dis
418 1167 689 1217 herbarum
717 1169 878 1218 succis
906 1167 1098 1217 insudat
1131 1167 1462 1233 pastoralibus
1495 1170 1653 1233 prosit
1688 1168 1929 1220 successi-

308 1252 441 1302 bus.'
502 1251 801 1302 Munckerus
838 1252 961 1301 haec
997 1252 1197 1301 adnotat
1245 1252 1437 1302 ‘scribe
1463 1256 1607 1315 quem
1656 1251 1929 1317 ἀπόρροιαι

307 1338 529 1403 siderum
566 1343 718 1399 atque
750 1339 906 1399 ipsius
939 1337 1119 1387 Lunae
1155 1343 1269 1393 ctt.;
1310 1375 1347 1386 ..
1379 1336 1440 1385 oh
1468 1336 1596 1386 hanc
1635 1350 1754 1400 ergo
1780 1351 1928 1401 apor-

310 1436 479 1470 roeam
516 1424 718 1483 conflua
744 1419 883 1468 Luna
919 1420 1097 1469 dicitur
1134 1422 1183 1470 in
1209 1421 1468 1485 fragm...
1509 1420 1639 1485 quod
1666 1419 1929 1486 Fulgentio

312 1504 609 1555 adscribitur
647 1506 694 1553 in
722 1503 911 1553 Pithoei
949 1503 1238 1555 catalectis.’
1288 1506 1454 1568 itaque
1480 1505 1603 1555 haec
1639 1519 1730 1570 per
1756 1519 1810 1555 se
1843 1506 1930 1555 uix

310 1588 515 1653 intelligi
549 1595 758 1654 possunt
792 1589 885 1638 nisi
920 1589 1075 1638 accito
1110 1595 1279 1638 nostro
1314 1589 1538 1639 Martiani
1574 1587 1699 1648 1000,
1735 1604 1794 1639 ex
1828 1603 1929 1659 quo

314 1681 448 1738 patet
466 1674 617 1722 fuisse
644 1672 883 1737 quosdam
910 1674 995 1738 qui
1019 1673 1181 1723 sidera
1207 1673 1310 1738 ipsa
1331 1672 1454 1722 nihil
1473 1673 1757 1737 putauerint
1779 1686 1929 1739 quam

315 1773 528 1823 corpora
566 1771 622 1806 ex
651 1772 768 1806 rore
807 1763 855 1806 et
880 1756 1088 1807 humore
1115 1757 1354 1807 confecta.
1408 1746 1467 1807 ab
1494 1757 1570 1807 his
1606 1771 1724 1807 sane
1750 1771 1929 1822 corpo·

314 1843 453 1892 ribus
490 1842 708 1893 defluere
752 1844 913 1906 potui-t
947 1855 1030 1891 ros
1067 1840 1261 1906 dicique
1295 1841 1391 1892 hoc
1439 1856 1586 1892 sensu
1620 1843 1780 1906 potuit
1813 1840 1931 1891 luna

314 1931 549 1989 roriflua.
614 1925 757 1975 aliter
798 1927 929 1974 enim
965 1941 1063 1990 quo
1098 1926 1245 1974 modo
1284 1941 1343 1975 ex
1379 1927 1448 1976 eis
1483 1924 1776 1991 corporibus
1801 1940 1930 1989 quae

316 2010 518 2074 Orphici
555 2008 732 2073 aliique
768 2009 928 2058 sidera
966 2024 1073 2059 esse
1099 2008 1336 2073 putabant
1366 2009 1550 2075 *aliquid
1586 2010 1811 2060 humoris
1845 2009 1930 2060 de·

315 2094 471 2144 fluere
520 2094 736 2158 potuerit
786 2107 885 2142 non
935 2107 1187 2156 assequor.
1266 2093 1554 2153 conferendi
1598 2100 1714 2143 sunt
1757 2098 1931 2143 auctor

318 2179 505 2243 peruig.
543 2178 661 2227 Ven.
700 2173 771 2226 20
805 2178 1014 2228 ‘humor
1045 2178 1133 2226 ille
1171 2191 1312 2238 quem
1345 2180 1536 2226 serenis
1570 2184 1712 2226 astra
1747 2183 1934 2228 rorant

316 2263 575 2312 noctibus’
617 2276 764 2325 quem
798 2255 1016 2311 imitatus
1050 2267 1124 2310 est
1158 2260 1441 2324 Fulgentius
1467 2276 1514 2326 p.
1549 2259 1607 2309 11
1642 2261 1932 2327 (Munckeri)

318 2347 532 2400 fhumor
570 2348 747 2408 alyens
781 2359 926 2408 quem
956 2348 1148 2395 serenis
1182 2351 1325 2394 astra
1357 2346 1544 2395 sudant
1577 2347 1812 2395 noctibus,
1827 2348 1845 2372 '
1884 2349 1936 2394 et

319 2445 432 2479 cum
473 2430 563 2479 hac
598 2444 653 2479 re
690 2429 924 2480 cohaeret
959 2429 1091 2494 quod
1128 2428 1243 2478 luna
1278 2444 1305 2478 a
1332 2431 1486 2494 magis
1513 2443 1744 2493 spumare
1769 2427 1957 2479 iuberi.

320 2515 514 2563 dicitur.
570 2498 770 2564 rursum
808 2514 1039 2564 dicuntur
1066 2513 1224 2562 sidera
1251 2528 1367 2563 rore
1405 2520 1453 2564 et
1480 2512 1749 2577 uaporibus
1774 2518 1931 2562 terre-

321 2600 397 2646 nis
422 2598 484 2647 ali
510 2598 572 2648 cf.
595 2598 796 2649 Seruius
822 2598 883 2648 ad
895 2599 1037 2662 Verg.
1051 2598 1168 2647 Aen.
1190 2597 1210 2645 I
1231 2594 1351 2647 607.
1378 2596 1477 2647 uid.
1498 2598 1641 2647 etiam
1665 2595 1934 2655 Salmasius

322 2698 485 2738 exerc.
504 2682 639 2733 Plin.
669 2699 716 2749 p.
748 2680 852 2733 773
874 2683 914 2731 A
943 2681 1035 2748 (ed.
1066 2679 1234 2747 1689).
1284 2688 1543 2746 praeterea
1577 2680 1707 2730 haud
1741 2680 1843 2730 scio
1869 2694 1932 2730 an

325 2768 531 2817 eandem
550 2766 683 2818 illam
706 2767 765 2817 de
787 2769 886 2831 qua
903 2773 1044 2817 antea
1065 2765 1164 2815 dixi
1178 2780 1283 2814 rem
1310 2766 1528 2816 innuerit
1546 2763 1686 2814 Seru.
1711 2765 1772 2812 ad
1783 2765 1930 2826 Verg.

325 2852 502 2915 Georg.
517 2850 566 2907 3,
581 2850 680 2902 391
713 2857 889 2901 ‘mutat
916 2849 1147 2900 fabulam.
1175 2864 1288 2898 nam
1314 2863 1413 2899 non
1425 2849 1526 2898 Pan
1553 2848 1637 2897 sed
1658 2847 1933 2912 Endymion
