1982 3230
763 105 950 149 unna
978 104 1051 170 111
1128 139 1137 144 -
1497 67 1502 71 ’
1646 106 1714 160 63

27 235 34 266 ”
102 260 251 312 quam
286 246 468 312 poterit
503 246 760 310 geminari.
830 245 954 296 haec
991 247 1315 311 praeponitur
1352 246 1399 297 M
1430 247 1621 299 litterae
1660 255 1714 298 ut

99 315 380 382 Zmyrna.
438 331 497 366 ex
529 315 606 365 his
644 317 792 380 igitur
829 317 1265 368 uniuersisXVIII
1300 317 1494 369 litterae
1541 334 1712 369 neces·
1744 334 1825 376 258

100 388 292 437 sitatem
341 391 544 437 cunctae
607 387 987 451 conscriptionis
1033 386 1313 438 absoluunt.
1391 389 1553 454 placet
1583 390 1714 439 enim

99 456 220 506 mihi
257 456 296 505 Y
328 457 376 506 in
415 455 663 506 uocalium
699 471 963 507 numerum
1011 459 1319 522 congregari.
1391 474 1555 524 neque
1605 461 1713 510 sine

53 525 192 576 shoc
223 526 609 592 Hyacinthus
648 533 731 577 aut
769 526 1089 593 Cyllenius
1128 530 1311 592 poterit
1349 530 1591 579 annotari.
1642 531 1712 580 sic

95 597 244 661 igitur
265 598 358 646 erit
377 604 430 647 ut
451 611 598 647 senae
619 597 738 647 fiant
757 597 972 655 uocales,
997 598 1085 647 XII
1105 598 1431 650 semiuocales
1452 605 1499 650 et
1525 606 1706 650 mutae.
1768 613 1823 652 58
1846 610 1885 652 G

97 669 138 716 si
186 668 316 717 enim
364 667 407 716 H
453 667 736 732 aspirationi
775 667 973 717 dabitur
1006 682 1445 734 superuacuaeque
1484 677 1632 719 erunt
1669 671 1709 729 Q
1742 682 1824 728 259

97 743 146 788 et
182 737 239 796 K,
281 737 322 786 X
363 743 526 788 autem
561 743 615 788 ut
654 737 835 803 duplex
872 739 922 787 in
963 737 1191 788 elementi
1230 739 1432 790 cardine
1457 754 1558 790 non
1595 755 1711 805 pro-

27 816 36 869 s
93 806 257 864 batur,
295 807 328 857 Z
360 823 482 858 uero
521 823 547 858 a
574 807 758 858 Latinis
798 807 1091 866 excluditur,
1132 809 1284 860 XVIII
1311 825 1519 860 numero
1559 812 1630 860 sic
1658 816 1711 860 ut

16 872 73 925 211)
95 877 277 928 dictum
318 883 391 928 est
425 879 757 942 supersidunt.
844 894 970 943 quae
1019 885 1181 930 tamen
1231 896 1343 930 cum
1382 882 1709 945 superuacuis
1739 883 1823 923 260

20 950 37 998 ’,
94 949 388 1014 reiectisque
435 950 625 999 cunctis
683 964 741 998 ex
782 950 929 999 unius
972 951 1108 999 uocis
1153 952 1315 1000 sonitu
1372 951 1709 1002 conformatae

95 1019 316 1069 diuersas
351 1018 589 1069 naturalis
626 1019 913 1070 harmoniae
952 1035 1123 1070 causas
1161 1020 1252 1070 sub
1302 1022 1402 1071 oris
1444 1024 1709 1072 concinen—

93 1090 159 1139 tia
191 1096 538 1153 reppererunt.

236 1159 459 1224 Namque
497 1160 536 1208 A
567 1159 657 1209 sul)
698 1160 834 1210 hiatu
874 1162 974 1209 oris
1013 1174 1234 1224 congruo
1273 1160 1378 1211 solo
1398 1163 1573 1226 spiritu
1606 1178 1707 1213 me·
1740 1178 1819 1219 261

30 1247 72 1281 15
94 1243 361 1279 moramuS.

236 1300 274 1350 B
321 1298 472 1349 labris
507 1315 599 1364 per
637 1300 835 1364 spiritus
871 1302 1110 1365 impetum
1140 1301 1347 1352 reclusis
1381 1302 1634 1353 edicimus,

236 1369 271 1419 C
317 1368 587 1419 molaribus
637 1385 787 1434 super
834 1370 1030 1436 linguae
1079 1378 1297 1422 extrema
1357 1371 1575 1438 appulsis
1625 1389 1707 1423 ex·

323 1440 568 1504 primitur.

15 1555 19 1564 ,
233 1509 271 1559 D
313 1509 524 1575 appulsu
562 1509 759 1576 linguae
815 1513 946 1562 circa
1005 1513 1290 1576 superiores
1338 1513 1510 1564 dentes
1568 1515 1706 1564 inna-

26 1597 70 1632 ιο
314 1582 482 1630 scitur.

233 1650 272 1699 E
320 1651 520 1714 spiritus
558 1650 675 1700 facit
708 1651 874 1716 lingua
907 1651 1162 1717 paululum
1198 1655 1464 1719 pressiore.

231 1720 269 1771 F
315 1721 487 1771 dentes
525 1720 719 1772 labrum
759 1723 964 1772 inferius
1003 1723 1356 1788 deprimentes

233 1790 273 1840 G
311 1791 511 1855 spiritus
550 1807 662 1841 cum
699 1791 878 1855 palato,

230 1861 275 1910 H
313 1863 577 1911 contractis
615 1861 870 1926 paululum
911 1862 1133 1912 faucibus
1171 1869 1349 1914 uentus
1388 1864 1597 1916 exhalat.

25 1948 66 1982 85
232 1931 253 1980 I
310 1932 512 1996 spiritus
550 1946 706 1996 prope
746 1932 975 1982 dentibus
1012 1934 1211 1998 pressis,

231 2000 275 2051 K
312 2000 535 2051 saucibus
567 2001 834 2067 palatoque
874 2003 1133 2054 formatur.

232 2070 270 2119 L
317 2070 484 2135 lingua
522 2071 784 2138 palatoque
822 2072 1074 2124 dulcescit.

229 2141 277 2190 M
315 2139 467 2192 labris
505 2143 804 2208 inprimitur.

229 2210 271 2260 N
316 2209 481 2276 lingua
517 2212 747 2262 dentibus
785 2213 987 2279 appulsa
1028 2214 1241 2266 conlidit.

23 2298 64 2334 so
230 2279 270 2330 Ο
316 2283 516 2332 rotundi
554 2283 654 2333 oris
691 2284 867 2349 spiritu
906 2291 1217 2351 conparatur.

229 2350 266 2400 P
304 2350 456 2402 labris
483 2354 659 2417 spiritu
698 2354 927 2418 erumpit.

230 2419 271 2478 Q
309 2421 519 2486 appulsu
555 2421 703 2488 palati
742 2440 829 2474 ore
866 2426 1108 2475 restricto.

228 2490 271 2540 R
309 2492 535 2555 spiritum
572 2493 739 2557 lingua
773 2496 1024 2560 crispante
1057 2496 1359 2547 conraditur.

230 2561 263 2611 S
310 2561 505 2612 sibilum
543 2562 658 2613 facit
690 2564 917 2615 dentibus
953 2565 1246 2617 uerberatiS.

28 2640 66 2675 ³5
229 2630 269 2681 T
308 2632 517 2697 appulsu
555 2632 750 2698 linguae
791 2634 1117 2701 dentibusque
1155 2636 1362 2703 inpulsis
1407 2629 1715 2689 extruditur.x

201 2775 227 2812 5
248 2774 492 2824 iacynctus
513 2774 556 2813 B
594 2771 614 2828 Η
653 2774 691 2814 si
712 2775 750 2815 R
787 2771 807 2829 ΙΙ
848 2777 872 2816 ’7
893 2775 941 2816 in
965 2776 1136 2818 Grotius
1157 2778 1255 2819 sine
1276 2778 1359 2819 BR
1397 2775 1416 2832 Η
1457 2779 1508 2819 11
1534 2778 1697 2820 confir-

87 2829 242 2868 matae
263 2827 364 2870 BR¹
464 2831 514 2870 12
547 2830 787 2872 naturales
821 2833 1055 2874 armoniae
1086 2845 1229 2874 causa
1258 2835 1297 2876 R
1335 2831 1353 2887 Η
1401 2836 1456 2876 24
1487 2836 1696 2877 conrasis

88 2879 170 2923 BR
198 2895 312 2926 corr.
331 2898 361 2937 p
459 2887 510 2927 31
536 2887 725 2940 spiritus
746 2887 828 2930 BR
848 2901 960 2930 corr.
980 2890 1099 2930 Vule.
1141 2886 1161 2944 Η
1200 2891 1254 2932 35
1286 2891 1516 2932 extuditur
1537 2891 1620 2934 BR
1659 2889 1678 2946 [Ι
