1982 3230
747 101 932 142 mmm
961 101 1026 142 VI
1595 99 1701 152 243

89 257 238 292 uerso
264 241 386 292 alter
410 242 650 292 Arabicus
685 248 907 292 uocatur.
987 242 1275 293 Carmaniae
1311 256 1507 308 quoque
1532 243 1698 293 Persis
1731 250 1816 292 700

89 312 386 376 adiungitur,
415 327 538 377 quae
565 311 626 362 ab
653 311 810 362 insula
829 312 1123 377 Aphrodisia
1147 311 1360 370 inchoat,
1388 328 1514 378 quae
1541 319 1696 363 trans-

89 382 182 432 lata
212 389 286 432 est
309 383 359 431 in
384 382 667 432 Parthicum
694 397 892 432 nomen.
967 382 1133 433 littore
1159 399 1257 448 quo
1285 385 1483 434 occasui
1506 383 1700 434 obiacet

87 452 273 502 milium
302 457 375 502 est
399 452 781 517 quingentorum
809 454 1178 517 quinquaginta.
1254 454 1489 517 oppidum
1515 454 1584 504 ibi
1609 469 1696 503 no-

43 535 65 566 5
88 521 185 572 hile
212 523 359 576 Susa,
396 522 446 570 in
473 537 570 586 quo
598 522 835 587 templum
864 523 1045 572 Dianae
1070 523 1255 573 Susiae.
1331 524 1462 573 iuxta
1489 524 1697 589 Carbyle

86 593 191 642 siue
217 591 431 657 Barbyta
456 594 504 642 in
533 599 729 643 centum
758 594 954 655 triginta
982 592 1202 650 milibus,
1230 591 1316 659 <in
1344 608 1439 657 qua
1467 601 1581 643 sunt
1605 594 1695 644 ho·

86 663 259 719 mineS,
289 664 372 727 qui
397 677 573 712 aurum
601 664 650 711 in
675 662 923 727 profunda
950 663 1217 718 defodiunt,
1250 665 1396 713 necui
1422 665 1483 712 sit
1508 665 1556 712 in
1583 680 1692 715 usu.

83 731 301 782 Parthici
338 748 462 783 uero
498 736 638 796 regni
674 739 922 797 nongenta
950 734 1273 799 quadraginta
1301 740 1536 798 quattuor
1562 734 1695 785 milia

83 817 335 868 passuum.
410 819 587 853 uerum
634 805 794 853 omnis
841 803 999 853 Media
1034 805 1234 854 Parthia
1283 811 1332 854 et
1385 804 1587 854 Persida
1632 805 1694 854 ab

21 885 62 918 10
85 874 276 923 oriente
301 873 503 923 flumine
527 874 675 930 Indo,
714 875 775 923 ab
804 874 1061 924 occidente
1087 875 1254 938 Tigri,
1293 890 1318 924 a
1358 876 1695 939 septentrione

83 941 248 994 Tauro
263 943 511 1000 Caucasio,
540 961 566 994 a
594 946 799 995 meridie
820 944 991 994 Rubro
1018 946 1142 994 mari
1170 947 1514 996 terminantur.
1569 961 1695 1011 quae

82 1028 254 1064 omnes
276 1030 367 1078 per
387 1014 741 1078 longitudinem
762 1022 932 1079 patent
958 1017 1201 1065 tredecies
1227 1017 1402 1080 uiginti
1427 1016 1559 1066 milia
1581 1031 1692 1080 pas-

83 1099 250 1143 suum,
272 1100 362 1149 per
388 1084 693 1135 latitudinem
722 1087 1000 1149 octingenta
1029 1087 1243 1148 triginta.
1759 1134 1764 1139 .

225 1155 320 1204 Sed
349 1155 621 1205 Chaldaeae
660 1157 817 1220 gentis
843 1156 1108 1220 Babylonia
1147 1164 1294 1220 caput
1335 1164 1437 1213 est,
1481 1157 1692 1222 denique
1725 1158 1805 1199 701

17 1237 59 1271 15
82 1223 278 1290 Assyria
307 1232 354 1274 et
372 1225 722 1291 Mesopotamia
743 1233 948 1290 propter
973 1226 1103 1275 illius
1131 1226 1401 1277 claritatem
1422 1227 1692 1292 Babylonia
1710 1228 1849 1270 2266

82 1301 304 1344 uocatur.
384 1295 501 1344 urbs
537 1297 639 1361 ipsa
677 1298 927 1359 sexaginta
966 1297 1098 1346 milia
1132 1311 1367 1360 passuum
1406 1299 1563 1347 muris
1590 1313 1693 1347 am-

79 1363 327 1428 plectitur,
356 1367 440 1431 qui
466 1366 689 1416 ducentis
715 1366 924 1431 pedibus
944 1366 1040 1422 alti,
1064 1369 1427 1432 quinquagenis
1452 1367 1539 1418 lati
1561 1374 1692 1425 sunt,

78 1435 293 1500 nisiquid
338 1435 562 1500 amplius,
662 1452 775 1486 nam
821 1437 948 1486 terni
1001 1437 1138 1502 digiti
1182 1437 1385 1501 singulis
1428 1454 1692 1489 mensurae

78 1512 278 1556 nostrae
303 1506 511 1575 pedibus
546 1507 871 1572 applicantur.
947 1507 1069 1558 haec
1105 1508 1389 1558 interluitur
1415 1509 1688 1574 Euphrate.

10 1590 54 1623 20
77 1574 144 1624 ibi
171 1576 303 1626 Iouis
327 1575 465 1642 Beli>
487 1578 739 1642 templum,
768 1579 851 1642 qui
878 1581 1108 1628 inuentor
1135 1578 1226 1628 suit
1247 1579 1534 1643 disciplinae
1561 1581 1688 1629 side-

76 1645 207 1695 ralis,
275 1646 397 1696 haec
423 1662 556 1697 nunc
584 1648 643 1698 ad
680 1647 991 1698 solitudinem
1028 1649 1173 1699 rediit
1200 1649 1436 1699 exhausta
1463 1666 1489 1699 a
1518 1649 1690 1700 Seleu-

77 1717 167 1767 cia.
217 1718 336 1767 item
371 1718 420 1766 in
448 1717 582 1768 hunc
611 1733 751 1767 usum
788 1719 932 1768 etiam
963 1718 1330 1782 Ctesiphontem
1367 1721 1514 1769 tertio
1543 1719 1603 1769 ab
1633 1736 1690 1770 ea

75 1785 238 1851 lapide
280 1787 549 1838 condidere
587 1789 782 1844 Parthi,
831 1803 888 1838 ac
922 1803 1055 1838 nunc
1093 1796 1241 1854 caput
1286 1804 1558 1853 regnorum
1597 1797 1686 1840 est.

74 1856 358 1907 habitantur
395 1860 539 1908 etiam
578 1858 741 1908 abdita
767 1859 1054 1923 Aethiopiae
1092 1866 1141 1909 et
1177 1859 1347 1910 adusta
1382 1860 1685 1926 Trogodyta-
1719 1876 1803 1918 702

187 1985 212 2034 ξ
242 1986 324 2026 700
363 1997 418 2025 ex
449 1984 603 2026 Solino
634 1999 678 2037 p.
711 1987 809 2036 225,
835 1987 1071 2036 19—226,
1103 1988 1127 2027 7
1160 1989 1206 2027 et
1234 1986 1384 2027 Plinio
1414 1988 1480 2028 VI
1513 1989 1593 2028 137
1651 1986 1671 2042 Η

72 2040 97 2090 ξ
125 2042 206 2081 701
242 2054 296 2081 ex
325 2040 479 2081 Solino
511 2055 554 2095 p.
586 2044 683 2090 227,
709 2044 862 2083 7-15
893 2045 939 2082 et
968 2043 1121 2083 Plinio
1143 2043 1206 2082 VI
1234 2045 1314 2083 122
1373 2040 1391 2097 Η
1450 2045 1474 2094 §
1507 2046 1588 2085 702
1629 2058 1685 2085 ex

73 2097 227 2138 Solino
250 2111 293 2151 p.
317 2099 414 2149 229,
439 2099 463 2138 7
479 2121 532 2127 -
550 2100 649 2150 230,
675 2100 696 2138 1
722 2103 768 2138 et
789 2112 832 2150 p.
856 2100 953 2150 230,
976 2100 1074 2139 9-
1091 2100 1188 2150 231,
1213 2101 1239 2139 9

183 2226 206 2265 1
237 2225 476 2278 germania.
495 2224 576 2265 BR
627 2221 648 2279 Η
701 2226 726 2265 2
756 2225 981 2267 frondisia
1000 2225 1083 2267 BR
1134 2221 1154 2279 Η
1207 2228 1233 2267 3
1262 2226 1489 2279 particum
1509 2227 1592 2268 BR
1631 2225 1651 2282 Η

66 2281 203 2322 litore
232 2282 271 2322 R
318 2278 336 2335 Η
385 2285 410 2322 5
450 2281 612 2322 Susiae
637 2282 808 2322 Grotius
834 2295 894 2323 em
914 2282 1059 2323 Solino
1078 2296 1121 2334 p.
1146 2284 1246 2332 226,
1272 2285 1300 2323 3
1338 2296 1476 2324 susae
1497 2284 1580 2323 BR
1626 2283 1645 2338 Η

71 2338 96 2377 6
126 2337 325 2377 Babitae
358 2338 527 2378 Solinus
547 2352 590 2390 p.
614 2340 715 2389 226,
740 2341 766 2378 4
785 2335 805 2391 Η
827 2343 1009 2378 centum
1044 2339 1240 2391 triginta.
1263 2340 1465 2391 quinque
1496 2339 1684 2380 milibus

68 2392 239 2434 Solinus
258 2390 277 2446 Η
305 2394 330 2433 7
347 2393 591 2433 diffodiunt
608 2394 631 2432 b
659 2390 678 2447 Η
707 2396 732 2435 8
749 2395 920 2447 partici
937 2394 978 2434 B
999 2391 1017 2448 Η
1044 2397 1070 2435 9
1087 2395 1240 2447 partia.
1257 2395 1299 2434 B
1320 2392 1338 2448 Η
1361 2397 1412 2436 10
1427 2396 1517 2436 VII
1533 2396 1682 2436 trione

67 2449 108 2488 D
148 2445 154 2503 Ι
219 2450 269 2489 12
299 2447 591 2489 latitudinem
622 2450 662 2489 D
711 2447 730 2503 Η
780 2452 831 2490 12
861 2450 1090 2490 tredecies
1122 2450 1146 2490 b
1178 2451 1383 2490 diciesB
1423 2455 1493 2491 ter
1524 2451 1682 2492 decies

67 2505 109 2545 D
178 2502 185 2559 1
237 2507 289 2546 13
321 2504 568 2545 DCCCXL
599 2506 762 2546 Plinius
819 2503 837 2559 Η
896 2507 948 2546 14
995 2506 1186 2547 caldeae
1220 2506 1303 2546 BD
1361 2504 1380 2560 Η
1439 2507 1680 2548 babilonia.

68 2561 154 2602 BD
194 2558 213 2616 Η
253 2561 419 2602 deinde
451 2561 475 2601 b
515 2558 534 2615 Η
583 2562 636 2601 15
667 2567 715 2601 et
744 2561 920 2602 siriaD
960 2559 979 2615 Η
1033 2563 1083 2602 16
1114 2566 1342 2602 uocantur
1371 2563 1395 2603 b
1435 2560 1453 2617 Η
1504 2565 1555 2603 18
1586 2564 1678 2604 nisi

68 2617 187 2670 quod
217 2618 303 2658 BD
343 2614 362 2671 Η
411 2620 463 2658 19
496 2618 677 2658 eufrate
699 2617 783 2658 BD
824 2614 843 2672 Η
891 2620 943 2658 21
977 2618 1203 2659 exhausta
1227 2619 1398 2659 Grotius
1431 2624 1675 2661 exaustate

68 2673 111 2714 B
143 2678 365 2715 exaustae
398 2675 421 2714 b
468 2677 658 2714 exauste
690 2674 727 2714 R
775 2671 793 2727 Η
852 2687 879 2714 a
912 2674 1128 2714 Seleucia
1154 2674 1327 2715 Grotius
1358 2674 1600 2717 Seleuciae
1637 2677 1681 2716 B

70 2729 294 2771 seleutiae
316 2730 354 2771 R
374 2727 394 2784 Η
414 2732 467 2770 22
499 2731 777 2783 tesipontem
795 2731 832 2771 R
852 2730 1159 2783 ctesipontem
1176 2730 1218 2769 B
1236 2731 1571 2785 ctesiphontem
1596 2733 1620 2773 b
1641 2730 1662 2787 Η

64 2786 123 2826 23
154 2786 396 2828 concidere
434 2787 517 2827 BR
553 2800 667 2827 corr.
697 2800 726 2838 p
766 2783 785 2840 Η
830 2786 953 2839 parti
984 2790 1033 2826 at
1066 2785 1167 2827 B¹R
1194 2783 1213 2840 Η
1241 2788 1296 2828 24
1327 2789 1379 2828 de
1419 2788 1580 2830 abdita
1617 2791 1677 2841 cf.

68 2841 345 2883 Momm-senus
367 2845 426 2884 acl
445 2843 531 2884 Sol.
555 2857 598 2896 p.
622 2845 722 2895 229,
748 2846 771 2882 7
810 2840 828 2896 Η
855 2843 1186 2896 trogoditarum
1202 2843 1240 2883 R
1260 2839 1279 2897 Η

1226 2911 1335 2963 16²²re
