1982 3230
98 414 191 452 273
204 411 240 452 G

141 637 227 676 809

137 1697 223 1738 810

252 114 362 167 300
733 111 1034 155 MARTIANI
1066 81 1387 154 emman

400 265 446 305 et
474 257 654 304 totiens
679 254 847 303 uariae
873 253 1170 303 flammantia
1197 269 1385 303 cornua
1410 253 1572 312 lunae,

400 328 516 391 quin
545 326 689 374 etiam
715 324 906 374 medios
933 339 1056 388 quos
1082 330 1284 374 nectunt
1310 323 1521 374 culmina
1548 325 1720 383 circoS,

403 395 601 460 oblique
629 401 675 444 et
702 393 860 444 rutilis
886 409 984 458 quo
1011 410 1063 444 se
1089 396 1217 459 rapit
1241 394 1399 444 orbita
1426 395 1594 458 signis,

400 481 605 515 cernere
632 466 726 514 iam
756 465 954 514 uideor:
983 471 1042 515 tu
1062 466 1251 529 fingere
1277 465 1463 514 ludicra
1491 470 1712 528 praestas

400 536 613 602 uiliaque
641 535 939 601 astriloquae
966 535 1190 600 praefers
1216 541 1491 584 commenta
1517 534 1746 599 puellae.'
1907 547 1930 581 5

257 620 369 671 talia
397 621 556 670 adhuc
585 627 791 670 canente
820 621 993 669 Satura
1031 622 1210 670 uetitus
1238 620 1317 670 ille
1345 636 1401 669 ae
1429 620 1690 670 durissime
1718 620 1861 669 casti-

256 699 400 754 gatus
437 691 599 740 denuo
627 707 706 740 me
742 692 872 739 risus
907 691 1099 740 inuasit.
1177 694 1343 754 ‘euge'
1379 692 1577 754 inquam
1615 689 1863 739 ‘Saturam

258 770 417 812 artem
455 763 699 826 poeticam
727 761 823 810 feci
850 760 1038 810 colere!
1077 763 1349 826 coepistine
1376 761 1674 810 Permesiaci
1700 761 1864 823 gurgi-

254 834 318 881 tis
346 833 481 881 sitire
509 832 700 881 fontes?
748 833 912 880 iamne
939 830 1157 894 fulgores
1183 832 1446 896 praeuides
1482 839 1530 880 et
1556 830 1720 880 uultus
1746 830 1862 880 deo-

253 903 398 951 rum?
448 903 533 952 ubi
566 901 686 950 illud
721 909 927 964 repente
963 901 1184 951 discessit
1221 902 1352 967 quod
1389 903 1614 950 inrisoria
1666 915 1863 964 semper
1884 914 1929 947 ιο

254 971 517 1037 lepidaque
557 973 774 1021 uersutia
810 974 939 1020 inter
974 973 1143 1021 insana
1180 987 1376 1037 semper
1403 971 1661 1021 deridebas
1695 977 1862 1020 uatum

252 1049 475 1092 tumores
497 1042 736 1092 dicabulis
759 1041 1103 1091 cauillantibus
1124 1042 1321 1107 saleque
1343 1048 1568 1092 contenta
1588 1056 1679 1090 nec
1699 1042 1863 1090 minus

254 1121 515 1177 poetarum
553 1113 909 1176 rlietorumque
947 1113 1190 1162 cothurno
1226 1114 1352 1161 inter
1389 1112 1684 1177 lymphatica
1720 1111 1864 1160 dere-

254 1184 370 1233 licto
408 1191 454 1233 et
481 1184 612 1249 quod
651 1183 824 1232 rabido
853 1183 1083 1232 feruebas
1120 1182 1381 1232 cerebrosa
1422 1188 1558 1231 motu
1584 1197 1641 1231 ac
1679 1197 1756 1231 me
1783 1181 1858 1230 Si-

254 1254 355 1303 leni
403 1269 629 1303 somnum
666 1253 908 1303 ridentem
957 1255 1182 1303 censorio
1218 1254 1448 1316 clangore
1495 1251 1930 1317 superciliosior15

253 1324 610 1389 incre-<pabas
633 1324 651 1372 ’ξ
679 1338 863 1386 ergone
892 1325 1121 1387 figmenta
1151 1324 1429 1373 dimoueam
1457 1330 1505 1372 et
1530 1322 1651 1372 nihil
1676 1321 1861 1387 leporis

253 1396 447 1459 iocique
485 1395 717 1459 permixti
751 1395 966 1443 taedium
1015 1394 1393 1443 auscultantium
1439 1393 1714 1442 recreabit?
1771 1393 1862 1441 Pe·

250 1463 370 1528 ligni
398 1465 457 1513 de
486 1471 652 1514 cetero
690 1466 878 1513 iuuenis
919 1463 1164 1513 uersiculo
1201 1466 1435 1527 resipisce
1470 1469 1518 1512 et
1542 1465 1592 1511 ni
1619 1464 1858 1527 tragicum

249 1537 540 1599 conrugaris

650 1605 755 1654 ride
782 1606 823 1654 si
849 1606 979 1669 sapis
1006 1621 1033 1652 o
1061 1604 1220 1669 puella
1248 1604 1407 1652 ridel’
1882 1616 1927 1649 20

254 1688 331 1739 his
358 1705 435 1738 me
457 1689 729 1753 Saturaque
756 1705 863 1738 mea
886 1688 1070 1737 alterna
1094 1688 1279 1738 diutule
1306 1687 1646 1751 obiurgatione
1674 1687 1859 1742 rixatis‚

254 1759 396 1808 aliam
427 1759 661 1808 dotalium
688 1761 936 1822 uirginum
962 1758 1126 1808 Delius
1152 1757 1563 1823 intromissurus>
1591 1757 1857 1821 egreditur.

255 1836 303 1878 et
330 1845 444 1879 ecce
473 1829 648 1892 globus
675 1831 872 1895 quidam
901 1830 1024 1878 lucis
1061 1830 1309 1879 aetheriae
1338 1834 1386 1877 et
1423 1843 1639 1877 concaua
1664 1828 1857 1892 perspi-

253 1901 332 1948 cui
357 1901 482 1964 ignis
519 1901 752 1957 adiectio,
781 1907 834 1949 ut
859 1899 1152 1964 apparebat,
1193 1901 1317 1948 intra
1346 1914 1398 1948 se
1426 1898 1669 1962 quandam
1706 1898 1858 1961 uirgi-
1899 1914 1902 1916 ·

252 1985 367 2019 nem
409 1970 671 2027 claudenS,
720 1972 824 2019 miti
861 1971 1103 2034 uertigine
1140 1971 1321 2019 sensim
1358 1965 1556 2018 uolutus
1602 1966 1850 2017 inlabitur.
1880 1979 1924 2013 25

254 2055 351 2104 quo
380 2041 594 2089 candore
620 2039 818 2089 luminis
844 2042 1223 2105 propinquantis
1249 2039 1415 2103 plures
1450 2039 1679 2088 inradiati
1705 2036 1858 2088 reful-

254 2125 366 2158 sere
394 2110 495 2158 diui
531 2110 799 2174 fatalesque
834 2112 1071 2166 maxime,
1101 2125 1311 2174 quorum
1351 2111 1494 2159 eliam
1530 2109 1727 2158 habitus
1753 2122 1857 2156 mo-

250 2186 430 2244 tusque
469 2186 517 2228 et
551 2181 787 2244 quicquid
822 2181 870 2228 in
917 2180 993 2228 his
1028 2182 1252 2242 ignotum
1302 2179 1597 2228 credebatur
1642 2178 1855 2228 emicuit.

367 2350 388 2387 1
420 2349 559 2388 toties
581 2346 682 2388 B¹R
730 2344 749 2401 ΙΙ
797 2350 822 2388 2
853 2351 1052 2389 nectunc
1086 2346 1182 2388 B¹R
1231 2345 1249 2401 ΙΙ
1296 2347 1498 2387 uolmina
1516 2345 1569 2386 R¹
1620 2343 1638 2399 Η
1687 2348 1713 2386 3
1745 2344 1859 2386 obli-

251 2417 341 2456 qua
375 2404 414 2443 B
452 2400 471 2458 Η
512 2417 602 2455 qua
633 2405 656 2444 b
705 2400 723 2457 [J
773 2404 899 2444 obita
932 2405 967 2444 R
1006 2401 1024 2458 [J
1062 2406 1091 2444 4
1119 2406 1275 2456 pestas
1306 2402 1365 2443 B¹
1404 2400 1423 2457 l]
1463 2404 1488 2443 6
1519 2406 1677 2454 satyra
1707 2402 1788 2443 BR
1821 2398 1840 2455 ΙΙ

250 2462 275 2500 7
309 2460 523 2500 Saturam
555 2460 709 2500 artem*
731 2461 963 2513 poeticam
982 2461 1088 2512 ¹feci
1121 2459 1271 2500 colere
1301 2461 1460 2512 scripsi
1487 2459 1655 2500 Satura
1684 2471 1756 2499 me
1788 2470 1860 2498 ar-

250 2520 344 2556 tem
374 2517 608 2569 poeticam
638 2517 771 2556 fecit·
794 2517 947 2557 colere
969 2517 1170 2569 Koppius
1209 2520 1368 2567 satyra
1398 2529 1469 2555 me
1493 2518 1606 2555 ante'
1632 2515 1859 2568 poeti-iam

251 2573 519 2624 (potetriam
549 2571 627 2625 B¹)
659 2573 774 2613 feeit
807 2573 958 2614 colere
992 2571 1168 2624 (colera
1189 2571 1331 2625 B¹R¹)
1362 2572 1444 2612 BR
1489 2567 1512 2625 ss
1560 2573 1613 2611 10
1641 2569 1859 2610 inrisuria

248 2627 309 2667 B¹
360 2626 378 2682 Η
430 2631 481 2669 12
521 2628 736 2669 dicabilis
767 2627 827 2668 B¹
876 2625 895 2683 Ι]
947 2631 998 2670 13
1037 2633 1228 2669 coturno
1259 2629 1379 2668 inter
1415 2627 1660 2680 lymfatiea
1689 2625 1771 2666 BR
1818 2621 1839 2678 11

253 2685 307 2723 14
339 2690 385 2725 et
414 2686 573 2736 scripsi
598 2689 669 2725 est
689 2684 771 2725 BR
822 2680 829 2738 l
868 2685 1029 2738 rapido
1051 2685 1088 2725 R
1125 2681 1144 2736 ΙΙ
1185 2685 1370 2725 ferebas
1395 2683 1450 2724 B¹
1491 2680 1510 2737 Η
1550 2683 1602 2722 16
1632 2694 1739 2735 ergo
1769 2693 1856 2721 nee

247 2739 354 2780 B¹D
395 2738 415 2795 ss
454 2743 505 2781 17
527 2741 711 2793 ieeique
734 2742 774 2780 D
824 2737 834 2795 1
871 2743 926 2782 20
947 2741 1167 2781 Martiali-s·
1186 2740 1243 2780 II
1267 2743 1320 2780 41
1359 2737 1378 2794 Η
1417 2741 1469 2779 21
1501 2738 1606 2778 mea'
1624 2743 1669 2778 ut
1687 2739 1858 2778 uidetur

249 2794 335 2840 B¹‚·
366 2803 464 2837 ante
485 2809 555 2837 me
585 2798 685 2839 add.
710 2810 736 2836 a
767 2796 790 2836 b
839 2793 858 2850 [l
907 2801 1156 2848 satyraque
1188 2797 1271 2836 BD
1319 2794 1338 2850 [Ι
1385 2796 1440 2836 24
1470 2794 1672 2835 adiectio
1700 2793 1860 2845 scripsi

251 2851 449 2892 adiestio
470 2852 552 2892 BR
584 2853 796 2906 aggestio
822 2866 854 2905 p
885 2850 904 2906 ΙΙ
952 2853 1007 2893 25
1037 2852 1160 2892 mitti
1180 2853 1218 2894 R
1255 2849 1275 2905 [1
