1982 3230
781 107 965 149 mmm
995 106 1034 147 v
1618 97 1717 152 157

110 255 290 308 nendo.
341 253 419 304 illa
450 252 585 318 prior
612 251 789 305 ethica,
818 263 1032 314 sequens
1058 247 1352 313 apodictica,
1375 245 1516 294 tertia
1545 242 1717 308 pathe-

111 329 206 377 tica
232 326 534 375 nominatur.
586 318 966 385 conciliatione>
991 318 1106 368 licet
1131 320 1179 367 in
1207 324 1305 366 tota
1334 331 1479 365 causa
1505 313 1575 364 uti
1602 328 1719 363 con-

111 397 292 452 ueniat,
319 402 481 444 tamen
507 393 557 441 in
576 391 832 457 principiis
857 389 1062 439 uberius
1085 387 1411 438 insistendum
1441 391 1490 436 et
1514 386 1564 434 in
1586 398 1720 434 com·

112 466 360 517 mouendo
395 464 607 513 maxime
642 463 813 525 uigere
849 459 998 510 debet
1022 458 1260 524 epilogus,
1339 458 1521 506 docere
1558 462 1720 505 autem

69 557 93 590 5
113 551 233 603 prae
264 535 440 585 ceteris
467 533 616 583 debet
640 534 747 597 ipsa
772 530 1015 587 narratio,
1043 530 1272 594 quamuis
1298 526 1545 577 diluendis
1572 541 1720 591 quae-

113 606 352 657 stionibus
378 603 750 668 obiciendisque
777 600 1067 651 criminibus
1086 614 1184 648 non
1212 595 1461 648 dissimilis
1488 603 1723 661 operetur

115 678 365 728 astructio,
442 689 575 724 nunc
601 674 662 722 de
688 672 990 736 argumentis
1014 671 1262 735 incipiam.

254 756 661 795 ARGVMENTVM
688 751 761 792 est
783 743 956 798 orati0,
985 756 1110 805 quae
1130 742 1205 789 rei
1226 739 1403 789 dubiae
1421 738 1568 788 fldem
1591 737 1721 787 facit.
1755 745 1839 785 474

113 833 196 869 res
231 817 377 866 dubia
417 822 489 865 est
523 815 725 864 intentio
762 820 810 863 et
835 812 1060 875 depulsio
1098 811 1180 861 uel
1215 811 1340 860 ratio
1379 815 1427 859 et
1461 808 1724 858 infirmatio

52 903 94 942 ιο
115 889 333 939 rationis,
409 901 519 935 cum
550 887 677 935 enim
706 883 947 934 obieceris
975 882 1253 932 ‘occidisti'
1277 887 1331 930 ut
1356 881 1550 935 doceas,
1580 893 1725 942 argu-

115 959 412 1009 mentatione
432 957 709 1006 firmatione
734 955 903 1011 uteriS,
932 954 1145 1002 maxime
1170 968 1282 1002 cum
1310 956 1536 1014 negatur.
1579 950 1726 998 etiam

115 1032 274 1093 ipsum
302 1029 421 1077 ‘non
450 1027 626 1077 occidi'
653 1026 800 1088 exigit
826 1030 1198 1087 argumentum,
1226 1022 1338 1072 licet
1366 1022 1426 1070 ad
1453 1020 1725 1070 faciendam

118 1101 265 1150 fidem
303 1100 447 1147 etiam
485 1097 563 1147 illa
601 1111 726 1161 quae
763 1094 1082 1144 inartificialia
1132 1095 1477 1149 nominantur,
1516 1090 1730 1140 debeant

121 1170 346 1219 adhiberi
371 1176 425 1218 ut
449 1167 645 1217 tabulae
671 1167 946 1216 testimonia
975 1166 1313 1230 quaestioneS,
1342 1179 1468 1228 quae
1493 1168 1606 1226 post
1631 1161 1728 1210 dis·

56 1258 98 1291 15
122 1239 347 1290 cutienda
383 1238 612 1288 seruabo.
687 1251 821 1286 nunc
846 1242 1139 1298 argumenta
1166 1241 1468 1289 tractentur,
1496 1247 1621 1296 quae
1648 1237 1732 1280 aut
1749 1237 1882 1280 1556

120 1313 171 1361 in
197 1310 394 1373 negotio
421 1309 481 1359 de
508 1323 605 1373 quo
632 1308 792 1371 agitur
818 1307 973 1370 posita
1014 1312 1151 1363 sunt,
1189 1311 1273 1354 aut
1306 1303 1424 1352 illud
1467 1303 1726 1366 attingunt.

121 1384 168 1431 in
196 1383 303 1445 ipso
329 1388 432 1429 tum
468 1386 641 1433 totum,
670 1385 773 1427 tum
801 1391 918 1441 pars
945 1378 1064 1432 eius,
1094 1383 1197 1425 tum
1224 1380 1354 1431 nota,
1386 1389 1531 1438 quam
1555 1373 1730 1424 Graeci

121 1448 473 1513 ἐτυμολογίαν
502 1449 697 1498 dicunt:
726 1449 971 1511 attingunt
998 1463 1119 1497 uero
1146 1447 1417 1511 negotium,
1448 1459 1573 1509 quae
1600 1443 1658 1492 ad
1682 1442 1730 1491 id

121 1521 443 1571 relatiuorum
471 1522 662 1570 ratione
689 1519 953 1568 ducuntur.
1016 1524 1064 1567 et
1090 1524 1204 1568 sunt
1229 1531 1439 1566 numero
1464 1514 1730 1564 tredecim:

57 1608 102 1642 20
125 1608 150 1642 a
178 1593 449 1655 coniugatis
483 1606 508 1640 a
536 1605 717 1655 genere
753 1605 779 1638 a
807 1590 962 1638 forma
1001 1588 1081 1638 uel
1121 1589 1285 1653 specie
1312 1604 1337 1636 a
1367 1586 1514 1637 simili
1541 1602 1564 1634 a
1595 1585 1732 1634 diffe-

123 1663 252 1712 renti
279 1678 305 1712 a
333 1663 580 1711 contrario
619 1676 645 1710 a
673 1660 947 1709 coniunctis
974 1659 1034 1708 ab
1062 1658 1467 1708 antecedentibus
1503 1672 1527 1705 a
1558 1670 1730 1704 conse—

125 1732 392 1797 quentibus
427 1747 452 1781 a
481 1729 875 1795 repugnantibus
912 1746 937 1778 a
967 1731 1128 1779 causis
1165 1729 1226 1779 ab
1256 1729 1442 1778 effectis
1478 1743 1503 1776 a
1533 1740 1733 1790 compa-

125 1804 332 1852 ratione.
387 1804 526 1852 cuius
552 1808 666 1850 sunt
690 1806 855 1866 partes
881 1802 1069 1849 maiora
1106 1801 1298 1848 minora
1324 1799 1478 1863 paria.
1530 1802 1736 1861 apparet

126 1875 175 1922 in
202 1872 431 1922 omnibus
455 1871 711 1922 relatiuam
738 1873 898 1920 inesse
933 1872 1194 1920 rationem.
1269 1884 1382 1918 nam
1419 1870 1734 1931 coniugatum

36 1998 38 2000 v
61 1958 107 1991 25
129 1943 337 1993 alterum
379 1942 521 1992 alteri
557 1943 852 1998 nominatur,
892 1948 940 1990 et
966 1956 1121 2004 genus
1148 1948 1197 1989 et
1222 1941 1413 2004 species
1445 1939 1505 1988 ad
1532 1954 1585 1987 se
1612 1936 1736 1987 rela-

128 2015 226 2063 tiua
263 2013 398 2063 fiunt.
473 2015 634 2077 ipsum
673 2013 817 2062 etiam
860 2011 1018 2061 simile
1055 2010 1261 2061 alicuius
1294 2009 1509 2060 assimile
1546 2016 1643 2065 est,
1687 2016 1738 2057 et

130 2099 302 2133 omnes
337 2083 433 2132 loci
468 2089 871 2147 argumentorum
907 2097 1005 2131 non
1035 2098 1094 2131 ex
1127 2097 1180 2131 se
1207 2081 1291 2131 sed
1333 2097 1392 2130 ex
1420 2080 1515 2130 alio
1555 2094 1735 2128 nomen

130 2154 391 2218 accipiunt.

270 2224 425 2288 Igitur
450 2229 624 2281 totum,
654 2224 784 2290 quod
813 2223 1015 2273 dubium
1044 2223 1318 2284 discutitur,
1347 2222 1540 2272 definiri
1567 2221 1737 2286 primi·
1768 2228 1853 2269 475

243 2395 268 2434 8
299 2415 354 2421 -
370 2407 414 2446 p.
435 2395 533 2444 469,
555 2394 581 2432 6
604 2394 662 2434 cf.
687 2393 893 2434 Cassiod.
918 2392 973 2433 de
996 2392 1181 2433 dialect.
1205 2392 1252 2432 in
1275 2391 1429 2445 capite
1452 2390 1508 2431 de
1531 2389 1697 2443 topicis
1718 2385 1741 2430 I

130 2463 174 2503 p.
197 2451 279 2490 54⁷
301 2461 368 2501 sq.
393 2449 462 2490 ed.
487 2449 642 2489 Garet.
1584 2470 1590 2474 ·

247 2607 272 2646 8
307 2605 454 2645 oratio
483 2604 679 2644 Halmius
719 2604 838 2644 ratio
869 2603 950 2644 BR
998 2601 1017 2657 ΙΙ
1069 2605 1121 2645 10
1161 2602 1559 2655 argumentatione
1592 2600 1740 2641 firma-

136 2661 263 2701 tione
293 2661 438 2702 uteris
471 2660 555 2711 (uel
583 2659 842 2700 firmatione
876 2661 974 2700 eius
1010 2658 1173 2710 uteris)
1205 2660 1400 2699 Halmius
1448 2661 1742 2711 argumenta·

135 2717 261 2758 tione
282 2716 616 2758 firmationeius
636 2715 678 2756 B
713 2715 1113 2768 argumentatione
1135 2715 1441 2755 firmationem
1463 2714 1586 2764 (add.
1607 2715 1680 2753 uis
1699 2712 1741 2766 r)

138 2773 176 2813 R
222 2770 242 2827 ΙΙ
300 2775 352 2815 13
390 2772 720 2813 inartefieialia
749 2773 787 2811 R
843 2769 862 2825 ΙΙ
921 2773 972 2812 19
1010 2770 1237 2811 ducuntur
1264 2770 1333 2810 Br
1378 2770 1592 2810 dicuntur
1622 2771 1659 2810 R
1719 2766 1727 2821 l

138 2830 193 2869 20
224 2828 475 2870 adiferenti
504 2829 546 2868 B
597 2825 617 2882 ΙΙ
666 2830 720 2868 22
752 2827 930 2868 affectis
960 2828 998 2868 R
1043 2823 1063 2880 Η
1110 2829 1164 2868 23
1196 2830 1303 2867 sunt
1332 2830 1489 2879 partes
1520 2831 1615 2867 tres
1644 2827 1667 2867 b

138 2886 193 2924 25
222 2883 423 2926 relatiua
443 2900 468 2925 r
497 2885 650 2926 relata
670 2884 751 2925 BR
799 2882 819 2937 ΙΙ
866 2886 920 2924 29
952 2896 1041 2935 quo
1074 2883 1245 2924 Grotius
1283 2880 1302 2936 Η
