1982 3230
717 126 906 188 LIBER
933 119 1006 185 1²³
1159 111 1162 114 ⁴
1231 106 1258 144 '⁴

289 290 367 340 “ni
390 292 562 339 nostra
587 288 816 354 astrigeri
841 292 955 337 nota
982 282 1256 348 benignitas

289 359 517 417 conferre
543 359 798 410 arbitrium
824 362 1027 422 cogeret
1049 354 1275 405 intimum

291 437 339 482 et
364 429 595 495 quicquid
620 431 767 480 tacito
794 426 1042 479 uelle-fuit
1066 425 1182 476 satis
1211 448 1218 454 ·

287 501 337 552 id
363 500 495 551 ferre
520 502 570 550 in
595 501 814 551 medium
841 497 1110 550 collibitum
1137 495 1279 554 foret,

0 588 23 620 5
287 587 484 638 possem
511 577 644 621 certa
672 573 791 622 meis
817 583 1047 636 promere
1073 565 1303 619 ductibus

289 658 382 693 nec
407 643 667 709 quisquam
693 641 890 692 inlicitis
915 639 1091 693 tollere
1115 638 1305 692 nisibus

292 720 584 763 concertans
611 718 815 777 cuperet
838 713 968 762 iussa
996 711 1142 764 deum
1170 709 1336 775 patris.

290 785 377 835 sed
402 785 554 834 tristis
578 783 756 834 melius
783 784 948 834 censio
976 783 1218 835 clauditur

15 914 19 918 ⁴
289 862 435 919 atque
460 854 660 905 infanda
686 855 865 920 pr‘emit
890 869 1032 904 sensa
1062 855 1327 908 silentium,

0 941 24 973 ο
289 941 353 976 ne
379 926 578 990 uulgata
602 928 731 976 ciant
750 925 907 978 ‚corda
933 923 1241 991 doloribus,>

19 1012 23 1019 ·
291 1004 341 1047 at
366 1012 477 1047 cum
503 996 629 1047 laeta
654 1003 845 1061 patrem
871 1011 1104 1060 promere
1131 995 1306 1060 gaudia

214 1107 218 1109 Α
294 1075 343 1118 et
369 1075 505 1118 certo
533 1067 705 1117 deceat
731 1067 930 1117 foedere
958 1070 1164 1132 pignora

292 1137 453 1204 palam
480 1139 735 1203 perpetuis
759 1140 965 1202 iungere
992 1139 1210 1195 nutibus

295 1223 489 1259 cassum
518 1214 589 1258 est
615 1208 745 1258 nolle
771 1209 906 1273 loqui
932 1224 1071 1274 sensa
1090 1208 1340 1270 decentia.

6 1292 29 1323 5
299 1279 555 1329 uobiscum
584 1294 703 1343 ergo
730 1279 832 1336 dei,
864 1285 1002 1344 grata
1028 1279 1388 1344 propinquitas,

296 1350 524 1400 conferre
548 1350 763 1399 studium
791 1356 865 1400 est
891 1357 1004 1400 uota
1029 1349 1330 1416 propaginis

295 1435 507 1486 aequum
535 1421 716 1486 quippe
742 1426 862 1485 puto
889 1421 1090 1472 foedere
1118 1419 1343 1471 caelitum

297 1506 422 1556 quae
447 1491 677 1541 sectanda
703 1491 866 1541 forent
892 1507 1000 1542 orsa
1028 1491 1303 1557 probarier.

295 1563 450 1612 nostis
474 1562 783 1627 Maiugenam
813 1563 1033 1628 pignoris
1059 1563 1217 1612 incliti
1692 1569 1750 1608 92

4 1646 29 1676 ·›
296 1635 346 1683 in
371 1634 554 1683 nostris
579 1634 755 1684 merito
783 1634 964 1698 degere
991 1634 1234 1685 sensibus.

296 1719 422 1770 quae
450 1719 542 1754 nec
568 1703 752 1754 frustra
779 1705 900 1753 mihi
924 1706 1069 1762 insita
1098 1705 1289 1759 caritaS,

295 1780 351 1824 ut
375 1777 537 1824 sueuit
562 1776 718 1840 patria
747 1775 991 1840 stringere
1018 1782 1237 1840 pectora.

296 1860 412 1896 nam
437 1852 608 1895 nostra
633 1844 715 1894 ille
741 1845 863 1895 fides
889 1861 1052 1899 sermo
1078 1845 1353 1909 benignitas

300 1930 357 1965 ac
382 1931 533 1966 uerus
559 1917 742 1967 Genius
768 1916 862 1966 fida
888 1917 1110 1966 recursio

298 1987 642 2051 interpresque
669 2002 806 2036 meae
831 1990 1008 2037 mentis
1034 1986 1064 2038 ὁ
1092 1988 1224 2039 νοῦ(
1251 2000 1380 2035 acer.

297 2056 379 2106 hic
402 2056 534 2106 solus
559 2072 821 2108 numerum
847 2073 1080 2123 promere
1106 2057 1331 2107 caelitum
1688 2059 1750 2098 23
1772 2057 1812 2098 G

299 2127 381 2177 hic
405 2126 596 2177 uibrata
621 2131 782 2193 p'otest
805 2144 1012 2179 noscere
1038 2129 1215 2185 sidera,

301 2212 428 2262 quae
453 2213 685 2248 mensura
710 2198 835 2264 polis
862 2207 1038 2265 quanta
1067 2198 1373 2265 profunditas

300 2268 458 2335 qualis
483 2272 546 2319 sit
571 2285 808 2320 numerus
833 2271 1095 2321 marmoris
1118 2269 1375 2320 haustibus

303 2347 353 2390 et
378 2346 586 2404 quantos
611 2342 765 2406 rapiat
793 2343 1014 2406 margine
1040 2341 1264 2391 cardines

302 2425 526 2477 quaeque
554 2410 795 2462 elementa
820 2411 938 2476 liget
965 2413 1160 2462 dissona
1187 2413 1350 2468 nexi0,

301 2496 492 2547 perque
518 2481 650 2532 bunc
675 2485 783 2547 ipse
809 2490 949 2547 pater
975 2483 1174 2534 foedera
1202 2482 1366 2531 sancio
1398 2509 1458 2517 —

303 2552 390 2603 sed
416 2552 581 2602 forsan
606 2554 763 2617 pietas
788 2553 890 2603 sola
916 2560 1172 2604 recenseat

171 2709 225 2750 10
254 2707 423 2749 doloris
451 2706 508 2746 B¹
558 2705 578 2762 ΙΙ
629 2709 680 2748 18
711 2709 896 2755 fuerant
916 2708 1033 2751 B¹R¹
1084 2707 1103 2763 Η
1154 2709 1205 2748 19
1238 2707 1384 2747 nostis
1407 2707 1670 2752 Dresdensis

55 2764 226 2817 nostris
245 2763 328 2805 BR
356 2764 498 2805 nostri
527 2764 577 2804 br
616 2761 635 2818 Η
683 2765 843 2818 inclyti
871 2766 913 2806 B
960 2764 979 2819 Η
1028 2766 1193 2819 pignus
1223 2764 1270 2804 id
1297 2762 1521 2814 inclytum
1549 2767 1664 2808 Von-

56 2818 176 2869 ffikius
230 2817 251 2876 ΙΙ
306 2822 361 2862 25
406 2819 432 2862 ὁ
464 2822 575 2861 voOc
616 2834 724 2862 acer
761 2824 917 2876 scripsi
955 2823 1099 2863 bonos
1141 2833 1276 2861 sacer
1306 2819 1388 2860 BR
1425 2818 1573 2874 (sater
1602 2824 1660 2865 B·

60 2868 193 2972 flacei-
220 2877 287 2989 rfi:
319 2878 375 2929 cf.
392 2891 439 2930 p.
465 2880 535 2927 37,
558 2880 614 2918 20
650 2876 668 2932 ΙΙ
717 2881 768 2919 31
806 2878 1024 2920 elimenta
1054 2879 1092 2918 R
1139 2874 1158 2931 Π
1207 2879 1260 2919 32
1292 2881 1456 2923 sancto
1477 2879 1516 2920 R
1557 2893 1662 2924 san—

63 2942 88 2972 c
130 2944 156 2974 o
175 2946 200 2974 r
