1982 3230
1742 0 1745 1 ⁷
1765 0 1818 16 *Pan
1823 0 1875 22 χιιῆ

1933 0 1982 122 5τὲ

267 160 368 214 182
742 160 1043 204 MARTIANI
1073 161 1392 206 OAPELLAE

266 303 493 358 diximus,
531 314 759 362 magnam
787 303 1190 352 exercitationem
1214 318 1296 352 res
1321 302 1642 369 laboremque
1668 304 1871 368 conqui—

264 373 353 428 rit,
388 372 440 419 in
467 385 562 433 qua
587 370 707 420 illud
734 370 989 422 obseruari
1027 378 1334 436 compertum
1362 378 1449 431 est,
1479 373 1639 423 solere
1670 379 1726 423 ut
1751 374 1878 424 scri-v

265 441 442 490 bamus
468 441 561 504 ipsi
582 456 707 504 quae
733 441 875 491 facile
901 441 1131 492 uolumus
1159 443 1388 500 retinere,
1416 443 1595 494 deinde
1620 449 1674 493 ut
1699 445 1741 494 si
1765 443 1870 493 lon-

266 512 403 574 giora
430 510 626 568 fuerint,
657 526 780 576 quae
817 518 930 561 sunt
955 512 1232 570 ediscenda,
1269 512 1421 562 diuisa
1449 529 1539 578 per
1564 519 1731 578 partes
1755 513 1872 563 faci-

265 580 359 629 lius
384 579 741 638 inhaerescunt,
769 587 874 631 tum
896 597 1146 646 apponere
1170 587 1310 631 notas
1335 582 1484 632 rebus
1504 582 1706 647 singulis
1726 598 1872 647 opor·
1895 595 1917 628 5

265 649 387 700 tebit
412 651 504 708 his,
534 665 660 715 quae
686 651 916 702 uolumus
942 653 1151 702 maxime
1177 653 1407 710 retinere,
1430 667 1522 702 nec
1546 668 1671 703 uoce
1696 667 1874 717 magna

265 720 473 784 legenda
509 728 637 779 sunt,
675 721 760 770 sed
795 721 1086 787 <murmure
1120 724 1285 787 potius
1329 722 1605 772 meditanda
1641 730 1689 772 et
1729 729 1874 772 nocte

266 791 422 854 magis
449 805 596 853 quam
633 792 846 841 interdiu
880 796 1121 842 maturius
1157 794 1358 842 excitari
1391 794 1683 843 memoriam
1718 794 1873 842 mani·

266 861 446 909 festum
473 866 559 916 est,
590 876 703 911 cum
731 867 778 911 et
812 861 909 911 late
936 861 1182 912 silentium
1217 864 1352 912 iuuat
1377 879 1469 912 nec
1495 863 1628 913 foras
1665 878 1691 912 a
1719 863 1873 912 sensi-

266 930 360 979 bus
387 937 625 980 auocatur
650 932 870 981 intentio.
935 939 1006 982 est
1031 933 1228 998 quidem
1253 934 1496 982 memoria
1530 938 1874 997 ΥθΓιιῐηειῐᾳιιθ
1888 944 1938 1001 110

267 999 553 1057 uerborum,
582 1002 666 1050 sed
693 1016 792 1051 non
819 1016 1015 1066 semper
1043 1002 1302 1053 ediscenda
1330 1009 1444 1052 sunt
1468 1003 1622 1069 uerba
1646 1003 1739 1052 nisi
1763 1017 1874 1066 spa-

270 1071 390 1118 tium
433 1071 701 1120 meditandi
746 1077 940 1136 tempus
983 1072 1243 1122 indulserit
1276 1078 1351 1122 sat
1380 1074 1568 1136 eritqne
1617 1087 1700 1122 res
1742 1074 1875 1135 ipsas

268 1141 429 1189 animo
466 1142 682 1191 tenuisse
707 1144 1022 1205 praesertim,
1063 1145 1105 1193 si
1141 1142 1262 1192 nihil
1290 1143 1392 1205 eius
1425 1157 1632 1193 munere
1665 1140 1876 1191 naturali

114 1260 197 1300 178
210 1258 245 1298 G
264 1212 568 1274 prouenerit.

152 1316 237 1356 540

153 1847 234 1888 541

406 1291 708 1331 ACTIONEM
753 1282 883 1346 apud
928 1288 1126 1333 ueteres
1171 1281 1501 1347 appellabam,
1550 1282 1698 1345 quarn
1742 1295 1875 1330 nunc
1898 1293 1940 1326 15

266 1361 832 1401 PRONVNTIATIONEM
867 1351 1016 1416 uulgo
1044 1353 1142 1402 dici
1177 1367 1276 1401 non
1313 1353 1497 1402 nescio.
1575 1367 1631 1401 ea
1657 1355 1876 1416 praestat

273 1418 476 1488 [oratio]
515 1426 570 1469 ut
608 1420 896 1471 concilietur
934 1423 1151 1478 auditor,
1190 1429 1244 1472 ut
1278 1423 1339 1470 ad
1373 1422 1518 1471 fidem
1553 1422 1876 1485 persuasione

269 1491 502 1546 ducatur,
549 1496 603 1539 ut
639 1492 913 1540 animorum
957 1491 1171 1541 motibus
1214 1491 1492 1541 incalescat.
1568 1492 1673 1541 eius
1708 1495 1874 1554 partes

268 1566 383 1609 sunt
406 1566 533 1610 tres:
564 1576 677 1617 uox,
704 1560 887 1618 uultuS,
915 1568 1093 1625 gestus
1143 1562 1221 1611 his
1246 1567 1301 1610 ut
1324 1561 1547 1626 plerique
1573 1566 1746 1625 putant
1771 1559 1874 1611 cul-

267 1636 346 1678 tus
380 1629 462 1679 uel
496 1630 691 1680 habitus
726 1633 825 1680 oris
861 1632 1062 1681 accedit.
1138 1647 1234 1680 uox
1272 1636 1319 1680 et
1355 1638 1531 1680 natura
1567 1635 1757 1679 constat
1791 1628 1874 1696 et>
1897 1642 1940 1675 20

269 1700 479 1764 quadam
518 1702 722 1749 scientia
756 1702 1034 1751 modificata
1070 1707 1314 1751 seruatur.
1388 1702 1439 1749 in
1464 1706 1641 1749 natura
1668 1698 1875 1764 qualitas

267 1771 404 1819 uocis
442 1777 490 1819 et
516 1772 760 1836 quantitas
787 1771 1114 1836 dispensatur.
1172 1772 1376 1822 scientia
1414 1786 1551 1827 uero,
1589 1784 1685 1833 quo
1724 1769 1873 1819 modo

268 1855 323 1890 ea
350 1841 518 1897 utariS‚
557 1843 834 1906 assequitur
862 1849 910 1891 et
935 1842 1051 1907 quid
1079 1847 1303 1906 oporteat
1339 1840 1620 1890 obseruare.
1681 1838 1875 1888 bonitas

267 1911 403 1959 uocis
448 1917 639 1959 constat
686 1911 905 1961 claritate
950 1912 1178 1961 firmitate
1223 1912 1476 1961 suauitate.
1554 1924 1677 1974 quae
1711 1909 1874 1958 omnia

266 1981 551 2031 nutriuntur
578 1981 673 2030 cibi
698 1987 843 2045 potus
880 1983 1037 2032 coitus
1064 1982 1378 2031 obseruantia
1406 1981 1783 2044 praecipueque,
1819 1983 1875 2028 ut
1896 1990 1938 2023 25

269 2064 449 2113 corpus
477 2050 834 2100 deambulando
861 2059 1120 2101 moueatur
1146 2053 1274 2101 intra
1294 2050 1449 2101 breue
1476 2050 1688 2115 spatium
1711 2048 1875 2098 reditu

266 2124 527 2168 maturato,
603 2121 687 2185 qui
723 2126 886 2171 motus
925 2137 1037 2173 cum
1074 2121 1396 2185 digestionem
1424 2119 1617 2169 facilem
1642 2122 1871 2183 praestat,

268 2189 374 2238 sine
413 2189 563 2238 dubio
599 2198 778 2253 purgat
819 2196 867 2240 et
901 2206 1092 2240 uocem.
1166 2192 1314 2239 nimia
1354 2190 1578 2238 excursio
1614 2188 1695 2237 uel
1727 2187 1873 2251 longa

266 2258 625 2308 deambulando
654 2265 882 2309 extenuat
908 2275 964 2309 ac
991 2261 1168 2324 fatigat.
1210 2265 1320 2322 post
1343 2259 1471 2308 hanc
1491 2257 1872 2307 ambulationem

381 2428 431 2466 15
462 2449 517 2454 —
548 2441 590 2480 p.
618 2428 714 2479 183,
737 2428 762 2467 8
796 2427 855 2469 cf.
877 2428 1116 2469 Fortunat.
1139 2426 1209 2467 III
1231 2439 1269 2466 c.
1289 2428 1340 2467 15
1363 2433 1458 2477 sqq.

380 2582 405 2619 2
447 2580 695 2621 obseruare
737 2581 772 2620 lt
819 2577 837 2634 Π
888 2582 912 2620 5
946 2580 1273 2621 inhaerescant
1303 2580 1497 2619 Halmius
1546 2577 1874 2617 inhaerescunt

266 2635 347 2676 BR
387 2632 406 2689 ΙΙ
445 2638 470 2677 6
503 2649 617 2689 quas
639 2638 676 2677 R
716 2633 733 2690 ΙΙ
766 2638 808 2677 ’9
839 2648 927 2676 nec
949 2636 990 2676 B
1013 2650 1126 2677 corr.
1149 2649 1170 2676 e
1192 2648 1249 2674 ne
1288 2631 1308 2688 {l
1349 2637 1401 2675 10
1429 2636 1623 2674 uocatur
1643 2631 1726 2671 BD
1757 2643 1872 2672 corr.

266 2692 460 2732 Halmius
491 2705 548 2733 ex
569 2694 745 2734 Fortun.
764 2706 810 2745 p.
833 2695 928 2740 129,
952 2695 1012 2733 23
1051 2689 1070 2746 {l
1120 2693 1170 2731 12
1210 2691 1462 2742 sateritque
1485 2690 1678 2729 Halmius
1708 2686 1873 2727 saterit

268 2748 346 2798 qui
373 2747 415 2786 B
457 2751 530 2788 sat
562 2750 648 2788 erit
679 2749 754 2789 cui
783 2750 823 2788 D
871 2745 890 2802 Η
943 2749 993 2789 13
1032 2748 1287 2788 tenuissem
1316 2747 1357 2786 D
1405 2742 1424 2798 ss
1475 2746 1526 2784 17
1556 2743 1704 2785 oratio
1736 2743 1875 2782 deleui

266 2804 438 2843 oratori
466 2805 660 2845 Halmius
699 2802 717 2857 ΙΙ
756 2806 809 2845 20
839 2816 928 2844 uox
951 2817 1006 2844 ex
1027 2804 1050 2843 b
1090 2800 1109 2856 11
1157 2805 1212 2843 23
1245 2815 1301 2842 ea.
1329 2802 1476 2841 utaris
1502 2813 1532 2851 p
1564 2800 1769 2839 cautaris
1792 2797 1874 2838 BR

266 2862 402 2899 caute
434 2859 591 2909 (cauta
623 2860 665 2913 b)
706 2872 779 2900 res
810 2861 860 2900 br
900 2860 956 2911 cf.
988 2860 1166 2900 Fortun.
1193 2873 1238 2911 p.
1263 2860 1364 2907 130,
1389 2859 1445 2896 13
1491 2852 1513 2909 ll
1562 2856 1615 2894 26
1655 2853 1873 2894 deambu-

266 2911 405 2954 lando
436 2915 518 2956 BR
549 2915 861 2957 deambulatio
893 2929 917 2954 r
964 2914 983 2969 ΙΙ
