1982 3230
0 0 146 248 Γ
614 125 699 165 DE
729 122 922 166 PRIMO
954 120 1143 164 LIBRO
1420 118 1690 160 XXXVIIII

69 257 181 309 τῶν
208 253 367 307 θείων
393 250 720 317 πραγμάτων
749 250 906 317 φηεὶν
934 248 1100 302 αὐτὸν
1127 247 1274 313 παρὰ
1300 245 1560 298 Θούεκοιε
1598 243 1689 296 οὐ-

0 331 10 400 ,”
72 340 243 407 ρανόν
292 338 529 400 λέγεεθαι
578 335 663 388 καὶ
712 334 923 401 ἔφορον
975 333 1144 397 πάεηε
1193 331 1484 397 πράξεωε.’
1562 331 1692 380 hanc

0 415 2 419 ’
74 426 347 476 doctrinam
374 430 535 474 autem
563 437 683 472 uere
707 420 1065 472 Varronianam
1092 418 1244 468 fuisse
1282 418 1427 468 docet
1452 414 1694 467 Macrobii

73 510 210 561 locus
247 508 365 575 (Sat.
393 508 429 565 Ι,
460 505 507 572 9)
553 523 579 557 a
615 505 852 556 Muellero
892 503 1151 554 commode
1187 502 1450 552 adhibitus.
1527 516 1690 566 neque

72 594 218 645 uideo
244 608 334 643 cur
359 591 564 642 Faleriis
589 597 789 656 praeter
816 589 1090 639 alienorum
1115 586 1417 654 populorum
1446 585 1564 635 deos
1590 599 1692 635 non
1745 654 1747 656 .

75 679 221 729 etiam
250 678 447 727 Etrusci
483 677 561 726 dei
599 675 716 726 culti
752 676 965 731 fuerint,
1008 679 1062 722 ut
1098 672 1456 737 quadrifrontis
1483 670 1586 719 Iani
1621 671 1686 718 si-

71 763 349 814 mulacrum
399 761 605 811 Faleriis
654 761 862 810 Romam
889 759 1148 808 aduectum
1203 757 1281 823 (cf.
1333 754 1598 806 Muellerus
1648 754 1691 804 II

68 845 139 899 58
155 846 214 913 ⁶8)
251 847 365 897 huic
391 845 616 896 Muelleri
641 846 915 895 sententiae
943 851 1078 894 certe
1104 859 1205 892 non
1241 843 1552 892 aduersetur.
1605 840 1692 890 sed

71 932 152 982 hic
188 932 510 982 Etruscorum
559 929 680 980 caeli
717 930 837 980 deus
881 936 1052 994 postea
1099 943 1211 978 cum
1248 928 1537 977 Latinorum
1574 927 1690 975 Iano

71 1023 327 1082 portarum
364 1016 456 1066 deo
485 1016 771 1083 commistus
799 1021 886 1064 est.
949 1020 1170 1064 ceterum
1196 1013 1590 1075 ingeniosissima
1619 1016 1692 1061 est

73 1101 294 1152 Merkelii
333 1099 533 1166 (proleg.
563 1100 623 1149 ad
651 1097 741 1148 Ou.
770 1098 922 1147 fastos
949 1113 994 1162 p.
1024 1085 1288 1160 CCXXVII)
1336 1097 1503 1161 opinio
1549 1097 1689 1146 Etru·

74 1201 215 1236 scum
240 1186 345 1235 Iani
370 1199 551 1234 nomen
578 1184 728 1234 fuisse
741 1186 966 1234 Falacer
992 1183 1051 1232 cf.
1084 1185 1294 1233 Corssen
1321 1183 1567 1243 Bez'tra'qe
1591 1197 1693 1230 zur

73 1273 271 1321 Latez'n.
305 1270 669 1320 Formenlehre
700 1283 749 1331 p.
776 1265 883 1317 344
919 1273 966 1316 et
1000 1265 1120 1317 473.
1190 1272 1380 1315 restant
1420 1266 1697 1328 Opertanez'

71 1385 144 1395 --
177 1370 291 1404 nam
325 1360 722 1415 nocturnumque
757 1351 1000 1414 glossema
1029 1367 1135 1401 esse
1163 1351 1492 1402 demonstrari
1530 1356 1693 1414 potest

71 1468 143 1475 —
181 1439 359 1504 quibus
402 1443 539 1488 recte
574 1437 770 1487 uidetur
817 1443 1035 1487 statuere
1071 1436 1337 1487 Muellerus
1385 1436 1444 1501 (ΙΙ
1480 1451 1527 1499 p.
1570 1434 1687 1501 131>

71 1526 328 1575 inuolutos
374 1523 492 1574 deos
536 1522 801 1586 significari
835 1537 1048 1587 quorum
1094 1523 1277 1572 mentio
1312 1521 1366 1570 fit
1402 1521 1534 1585 apud
1573 1522 1688 1572 Sen.

72 1614 262 1674 quaest.
298 1614 461 1657 natur.
499 1607 541 1657 ΙΙ
574 1604 640 1655 41
695 1622 755 1656 ex
805 1607 1012 1656 Caecina
1068 1608 1131 1673 (u.
1170 1605 1336 1656 Muell.
1375 1605 1478 1655 Etr.
1518 1604 1688 1670 1134).

74 1693 272 1743 eosdem
310 1693 602 1756 significauit
627 1692 780 1741 Varro
809 1691 1014 1740 Arnobii
1039 1692 1104 1741 ΙΙΙ
1127 1689 1199 1741 40
1238 1694 1252 1717 ‘
1271 1690 1423 1740 Varro
1460 1692 1546 1756 qui
1582 1698 1695 1741 sunt

73 1778 317 1827 introrsus
360 1783 506 1841 atque
551 1778 600 1826 in
644 1776 827 1825 intimis
868 1775 1206 1840 penetralibus
1253 1775 1373 1825 caeli
1420 1775 1538 1824 deos
1585 1790 1693 1826 esse

75 1870 244 1912 censet
280 1877 403 1926 quos
438 1860 687 1925 loquimur
722 1875 814 1909 nee
855 1876 1028 1909 eorum
1066 1875 1330 1910 numerum
1366 1874 1459 1909 nec
1493 1861 1692 1909 nomina

8 1954 11 1957 ’
74 1947 228 2004 sciri',
256 1946 342 1995 sed
370 1945 501 2010 quod
527 1944 617 1994 hos
644 1947 858 1995 Penates
883 1951 1023 2007 putat
1041 1943 1321 2001 Muellerus,
1352 1952 1486 1995 errat
1514 1941 1692 2011 (982ὃ

75 2030 139 2080 cf.
168 2030 452 2081 Gerhardus
489 2045 535 2094 p.
565 2026 689 2078 2217
717 2035 765 2077 et
793 2026 1015 2094 14814⁵):
1066 2044 1180 2078 nam
1230 2029 1481 2080 Arnobius
1533 2029 1693 2079 solum

77 2129 202 2178 quae
236 2114 391 2164 Varro
428 2114 488 2163 de
524 2116 814 2176 opertanez‘s
848 2112 928 2163 uel
963 2116 1206 2164 inuolutis
1239 2113 1332 2164 illis
1368 2121 1694 2180 praeceperat

74 2197 197 2248 falso
239 2199 368 2247 inter
415 2200 628 2248 Penates
671 2197 838 2247 retulit
880 2202 934 2246 ut
977 2213 1036 2247 ex
1080 2205 1183 2248 toto
1225 2214 1416 2250 conexu
1462 2206 1692 2266 apparet:

75 2283 348 2333 Varronem
393 2284 523 2332 enim
570 2298 695 2348 quae
730 2282 984 2332 Penatium
1030 2284 1212 2334 fuerint
1256 2286 1458 2334 nomina
1507 2286 1692 2348 optime

75 2368 203 2417 scire
230 2367 325 2416 sibi
351 2368 511 2416 uisum
540 2381 646 2416 esse
674 2373 815 2416 antea
844 2367 1070 2417 diximus,

218 2451 272 2500 In
316 2452 518 2516 regione
564 2450 762 2501 caelesti
797 2453 1011 2502 secunda
1052 2453 1115 2519 (p.
1147 2452 1226 2511 17,
1256 2453 1325 2503 24
1350 2453 1439 2519 sq.)
1495 2459 1693 2517 praeter

77 2536 338 2594 Quirinum
376 2534 669 2586 Sabinorum
705 2536 850 2586 deum
888 2537 1180 2588 bellatorem
1214 2539 1344 2589 Mars
1390 2536 1693 2587 domicilium

76 2619 249 2677 habet,
290 2620 351 2670 de
388 2635 484 2685 quo
519 2620 580 2669 ab
608 2621 827 2672 Etruscis
866 2623 996 2673 culto
1035 2624 1095 2673 cf.
1125 2622 1390 2674 Muellerus
1417 2622 1518 2671 Etr.
1557 2619 1692 2673 1158

4 2752 8 2769 ‚⁸
79 2710 127 2753 et
153 2704 439 2756 Gerhardus
478 2705 538 2755 de
564 2705 666 2754 deis
688 2705 792 2756 Etr.
819 2705 886 2756 21
905 2705 960 2757 12.
992 2706 1062 2757 29
1074 2706 1133 2756 56.
1195 2707 1277 2757 alii
1303 2709 1386 2773 qui
1412 2708 1510 2757 huc
1538 2722 1692 2772 usque

78 2789 130 2837 in
155 2788 252 2838 hoc
288 2789 533 2839 domicilio
561 2795 665 2839 tuto
694 2789 982 2842 habitabant
1015 2791 1151 2842 nullo
1179 2793 1287 2841 iure
1315 2791 1522 2842 eiciendi
1555 2798 1687 2842 sunt.

79 2872 314 2924 lunonem
342 2873 626 2925 abEtruscis
638 2876 687 2924 in
701 2875 891 2926 honore
904 2876 1121 2926 habitam
1136 2891 1242 2926 esse
1253 2875 1519 2928 Muellerus
1535 2877 1594 2943 (ΙΙ
1604 2875 1689 2942 45)
