1982 3230
318 98 431 152 248
807 95 1110 141 MARTIANI
1140 96 1460 139 CAPELLAE

322 248 375 292 et
398 241 492 290 hae
519 240 693 304 planae
718 241 905 303 figurae
933 238 1176 289 dicuntur.
1231 254 1439 304 quarum
1467 245 1581 290 sunt
1606 254 1786 304 genera
1817 242 1929 293 tria.

324 326 537 377 quorum
563 325 717 359 unum
745 309 944 359 directis
970 308 1111 359 lineis
1137 308 1393 367 clauditur,
1422 310 1552 374 quod
1574 311 1750 361 Graeci
1775 310 1926 363 εὐθύ-

322 396 567 444 γραμμον
604 386 800 430 uocant.
876 379 1008 429 aliud
1043 379 1174 444 quod
1220 380 1435 436 inflexis,
1483 380 1615 444 quod
1658 381 1925 444 καμπυλό-

321 465 566 513 γραμμον
603 450 786 500 dicunt.
840 452 1037 499 tertium
1075 449 1207 515 quod
1244 451 1445 500 directis
1479 449 1624 500 simul
1661 453 1925 516 curuisque

206 538 292 576 712
321 520 465 570 lineis
499 526 718 585 aptatur,
745 521 877 585 quod
910 518 1091 583 μικτόν
1119 521 1302 570 dicunt.
1374 518 1740 584 εὐθύγραμμος
1776 522 1924 585 igitur
1967 536 1982 569 ε

323 596 373 640 et
402 590 719 654 τρίπλευρος
756 596 803 640 et
827 589 1220 654 τετράπλευρος
1256 595 1304 640 et
1328 589 1704 653 πολύπλευρος
1730 591 1920 641 dicitur.

321 660 636 724 τρίπλευρος
682 668 783 711 tres
827 661 976 711 habet
1031 661 1230 711 formas.
1305 676 1419 710 nam
1462 663 1685 725 trigonus
1727 668 1800 711 est
1841 668 1924 712 aut

322 729 661 794 ἰςόπλευρος,
699 732 831 797 quod
858 731 1030 781 Latine
1066 731 1419 796 aequilaterum
1447 732 1645 788 dicitur,
1674 732 1804 796 quod
1831 734 1923 781 tri-

321 800 415 851 bus
441 802 643 865 paribus
679 801 821 851 lineis
857 801 1191 866 lateribusque
1220 803 1494 857 concurrit;
1537 808 1619 851 aut
1653 799 1920 865 ἰςοςκελὴς

154 871 455 936 2306quod
484 887 542 921 ex
573 872 730 921 tribus
765 872 905 920 lineis
932 872 1051 920 duas
1087 871 1316 934 aequales
1348 871 1519 929 habet,
1567 872 1747 935 quibus
1783 874 1982 937 quasin]

322 941 551 991 cruribus
600 943 790 1002 insistit,
841 942 1053 1006 denique
1098 943 1464 1006 aequicrurium
1514 943 1786 999 uocitatum
1839 947 1923 992 aut

321 1010 598 1074 ςκαληνός,
647 1012 775 1075 quod
804 1027 976 1061 omnes
1016 1019 1118 1061 tres
1162 1011 1316 1060 lineas
1357 1013 1486 1060 inter
1536 1027 1589 1060 se
1639 1011 1922 1075 inaequales

320 1082 482 1131 habet.
534 1080 900 1145 εὐθύγραμμος
925 1083 1040 1132 item
1068 1080 1461 1144 τετράπλευρος
1488 1083 1705 1145 quinque
1731 1083 1921 1146 species

319 1152 494 1202 habet:
533 1154 740 1216 primam
768 1167 892 1216 quae
919 1157 1148 1216 quattuor
1174 1151 1457 1215 aequalibus
1482 1151 1625 1201 lineis
1652 1157 1700 1201 et
1723 1151 1921 1202 directis

320 1222 509 1286 angulis
536 1228 852 1279 sustentatur,
884 1223 1016 1286 quod
1052 1222 1247 1271 schema
1280 1228 1572 1286 tetragonon
1600 1222 1794 1272 dicitur.
1841 1237 1914 1271 se-
1941 1236 1982 1269 15

318 1293 476 1341 cunda
499 1295 705 1356 specieS,
719 1309 844 1357 quae
864 1292 1216 1354 directiangula
1230 1298 1318 1348 est,
1342 1307 1440 1340 non
1459 1291 1772 1356 aequilatera,
1788 1292 1919 1341 etdi-

318 1363 445 1411 citur
467 1361 798 1425 ἑτερομήκης.
839 1363 977 1411 tertia
999 1361 1293 1426 aequilatera
1316 1367 1386 1411 est
1413 1377 1511 1411 non
1536 1368 1700 1411 tamen
1723 1363 1917 1411 directi-

318 1432 494 1496 angula
515 1438 562 1482 et
592 1434 766 1482 dicitur
788 1430 1002 1496 ῥόμβος.
1051 1433 1166 1481 item
1189 1447 1314 1495 quae
1335 1448 1391 1480 ex
1415 1432 1624 1481 aduerso
1652 1432 1743 1481 sibi
1765 1431 1917 1482 latera

318 1502 539 1565 aequalia
556 1510 604 1552 et
620 1505 895 1552 contrarios
915 1501 1119 1565 angulos
1137 1503 1188 1550 in
1201 1503 1360 1551 uicem
1381 1501 1471 1550 sibi
1493 1501 1721 1566 aequales
1741 1501 1918 1551 habeat

316 1579 366 1621 et
390 1588 551 1636 neque
578 1575 740 1622 omnia
766 1572 917 1622 latera
946 1574 996 1620 in
1021 1573 1180 1621 uicem
1209 1572 1299 1620 sibi
1326 1571 1545 1635 aequalia
1571 1587 1733 1636 neque
1760 1585 1913 1634 angu-
1938 1590 1982 1623 20

310 1642 388 1691 los
415 1643 627 1692 directos
655 1650 702 1692 et
728 1643 903 1692 dicitur
938 1640 1266 1705 ῥομβοειδής.
1323 1638 1459 1709 [item
1488 1657 1610 1706 quae
1646 1657 1738 1691 nec
1762 1640 1916 1691 latera

315 1713 408 1762 sibi
432 1712 482 1761 in
508 1714 668 1763 uicem
707 1712 928 1778 aequalia
955 1728 1045 1761 nec
1080 1712 1285 1774 angulos
1312 1712 1523 1760 directos
1550 1711 1633 1760 sed
1672 1718 1844 1762 acutos
1870 1717 1917 1760 et

314 1782 519 1832 obtusos
546 1789 592 1832 et
629 1783 804 1832 dicitur
842 1781 1198 1847 ῥομβοεῑδής]
1276 1788 1409 1831 extra
1444 1782 1533 1830 has
1571 1781 1752 1830 formas
1778 1783 1914 1846 quic-

313 1853 430 1916 quid
479 1853 862 1918 quadrilaterum
911 1859 983 1903 est
1028 1851 1309 1915 τραπέζιον
1355 1858 1577 1901 uocatur.
1651 1850 1914 1915 parallelae

307 1930 430 1973 sunt
456 1923 669 1973 directae
703 1923 885 1980 lineae,
925 1937 1049 1988 quae
1074 1924 1125 1970 in
1154 1923 1323 1972 eadem
1360 1921 1560 1987 planitie
1585 1920 1913 1987 <constitutae
1935 1940 1982 1973 25

426 2106 447 2144 1
480 2105 568 2144 hae
590 2106 674 2145 BR
704 2119 787 2146 eae
809 2107 860 2146 br
897 2104 916 2159 Η
949 2108 974 2146 2
995 2103 1458 2147 ΕΥΤΨΓΡΑΜΜΟΝ
1481 2105 1563 2146 BR
1601 2102 1619 2158 Η
1658 2107 1683 2146 3
1717 2060 1915 2147 KAMsll-

307 2158 735 2213 (YRWPAMMON
759 2162 841 2202 BR
867 2159 886 2215 Η
910 2164 937 2202 4
960 2163 1111 2203 curuis
1131 2161 1232 2202 B¹R
1259 2159 1278 2216 Η
1306 2165 1331 2204 5
1363 2162 1417 2202 ΜΙ
1438 2161 1562 2213 (YR)
1581 2159 1744 2202 ΚΤΟΝ
1767 2163 1850 2203 BR
1875 2159 1897 2217 Η

311 2220 651 2271 eutygrammus
681 2219 721 2260 B
755 2222 1077 2270 eutygramnus
1098 2219 1136 2258 R
1183 2214 1203 2271 Η
1251 2220 1276 2257 6
1307 2220 1395 2271 trip
1399 2219 1551 2259 leuros
1585 2222 1630 2257 et
1660 2222 1812 2270 tetrap
1815 2219 1912 2258 leu-
1963 2229 1966 2232 ’

308 2286 384 2313 ros
419 2279 465 2314 et
510 2274 803 2327 polypleuros
835 2274 915 2314 BR
963 2271 981 2328 Η
1032 2275 1054 2314 7
1095 2274 1340 2325 tripleuros
1370 2275 1451 2314 BR
1499 2271 1517 2327 Η
1568 2277 1636 2313 est
1666 2276 1765 2315 add.
1792 2287 1826 2326 p

305 2330 336 2369 8
367 2330 621 2383 isopleuros
642 2332 725 2372 BR
755 2331 792 2372 δι
820 2331 1065 2382 isoaequus
1096 2330 1211 2368 ide·
1189 2344 1212 2370 e
1240 2332 1339 2371 add.
1362 2331 1385 2370 b
1435 2327 1454 2384 Η
1502 2334 1527 2370 9
1559 2330 1767 2382 partibus
1797 2330 1835 2369 R

310 2385 665 2432 ΤΙΟΟΕΚΕΑΕΕ
685 2388 728 2427 Β
762 2383 1068 2428 ΙΕΟΕΚΕΛΕΕ
1092 2386 1155 2425 bR
1182 2382 1201 2439 Η
1232 2387 1281 2425 11
1313 2387 1554 2427 uocitatur
1559 2343 1615 2425 pB
1655 2383 1674 2440 Η
1714 2389 1766 2427 12
1790 2386 1912 2427 CRA-

307 2445 345 2485 Λ
366 2440 419 2494 (A
435 2443 664 2496 Β)ΕΝΟΝ
687 2445 769 2485 BR
807 2441 826 2498 Η
867 2446 919 2484 13
950 2443 1154 2484 habeant
1173 2439 1317 2495 B¹R1
1325 2440 1703 2553 leutygrammos
1720 2444 1802 2484 BR
1834 2457 1911 2484 eu-

305 2506 573 2554 tygramnos
615 2504 639 2543 b
650 2499 714 2598 [lb
743 2504 895 2552 tetrap
899 2499 1049 2540 leuros
1078 2498 1160 2538 BR
1197 2495 1226 2594 Η
1267 2439 1317 2539 15Ι
1349 2511 1503 2539 scema
1532 2498 1613 2538 BR
1725 2501 1778 2540 16
1809 2505 1911 2552 post

307 2559 491 2610 species
513 2560 683 2600 add.—
691 2554 763 2610 ὂΗ
800 2558 852 2597 17
871 2553 1194 2605 ΕΤΕΡΟΜΗΚ
1232 2554 1264 2597 C
1284 2555 1360 2595 BR
1399 2552 1416 2610 Η
1459 2557 1510 2597 18
1533 2495 1773 2596 ΡΟΝΙΒΟΕ
1795 2555 1834 2595 R

309 2613 459 2654 latere
491 2614 553 2654 B¹
601 2612 620 2669 Η
651 2592 723 2655 19
756 2613 915 2665 qualia
943 2611 1003 2653 Β1
1053 2608 1072 2665 Η
1120 2613 1174 2652 20
1213 2624 1329 2663 quae
1360 2618 1458 2652 ante
1488 2624 1636 2663 neque
1668 2613 1766 2652 add.
1800 2611 1824 2651 b

306 2671 361 2711 21
402 2669 736 2714 ΡΟΝΒΟΙΑΝΕ
759 2669 802 2709 Β
835 2667 1235 2711 ΡΟΝΒΟΕΤΑΝΕ
1265 2668 1288 2706 b
1321 2665 1647 2709 ΡΟΝΒΟΙΛΝΕ
1677 2669 1715 2708 R
1741 2666 1761 2723 Η
1795 2671 1908 2708 item

307 2741 428 2780 quae
445 2752 501 2758 —
518 2732 564 2771 et
584 2729 753 2770 dicitur
775 2726 1219 2771 ΡΟΝΒΟΗΕΤΑΝΕ
1241 2721 1581 2777 (ἀμφίπλευρος
1598 2724 1647 2777 p)
1681 2738 1757 2767 om.
1780 2724 1911 2764 BRD

304 2786 409 2833 add.
432 2786 455 2825 b
475 2787 519 2826 in
539 2799 671 2837 marg.
695 2785 813 2825 nihili
829 2790 927 2824 sunt
946 2797 1080 2838 neque
1108 2782 1478 2839 leyuneruclid·
1499 2781 1528 2820 I
1549 2783 1611 2821 33
1639 2777 1657 2834 Η
1692 2783 1746 2821 25
1775 2781 1908 2833 plan-

303 2839 375 2879 tia
402 2841 441 2880 R
469 2841 665 2893 planitia
685 2841 728 2881 B
756 2840 950 2894 planitie
980 2841 1004 2880 b
1041 2839 1062 2896 Η
