1982 3230
775 105 858 147 DE
892 103 1038 148 VITA
1625 97 1714 140 V11

47 213 349 310 [spraetorio
385 238 551 291 Italiae
597 242 726 287 esset
769 235 854 284 sed
896 233 1186 300 prouocatio
1236 231 1296 280 ab
1345 246 1405 282 eo
1441 233 1606 281 statim
1651 225 1713 275 ad

38 326 56 368 ἶ
88 330 257 395 'ipsum
282 328 637 390 imperatorem
664 322 805 370 fieret
832 320 955 384 (not.
975 319 1106 381 dign.
1124 317 1166 367 II
1186 317 1314 367 XVII
1342 323 1390 366 et
1414 316 1715 381 Bockingius

27 459 30 463 .
95 427 144 479 p.
160 409 315 476 418).
366 408 514 458 talem
551 408 698 471 igitur
736 406 897 454 uirum
937 407 1045 469 quis
1080 403 1249 452 credat
1285 419 1339 452 ea
1368 403 1548 452 dixisse
1586 416 1712 466 quae

21 526 23 532 ¹
94 510 146 561 p.
195 493 324 550 375,
377 490 535 544 5-6
586 489 847 554 leguntur?
920 489 1006 538 sed
1058 488 1187 553 quod
1240 489 1588 551 grauissimum
1640 494 1713 536 est

37 600 47 642 4
93 594 142 646 p.
155 578 276 637 375,
302 578 328 628 1
358 578 501 642 plane
522 591 620 627 non
645 575 822 624 dicitur
842 574 1134 624 Martianum
1158 572 1505 637 proconsulem
1532 574 1711 624 fuisse:

28 676 34 679 “
90 663 254 728 aliqua
284 666 414 714 enim
440 663 630 711 ratione
657 660 750 709 hoc
776 661 827 708 in
849 658 957 709 loco
975 659 1244 724 deprauato
1267 659 1396 708 inest
1414 659 1710 709 Martianum

27 765 42 806 7-
91 749 223 816 apud
249 748 442 799 Africae
466 745 818 812 proconsulem
846 758 1018 794 causas
1051 744 1224 806 egisse.

10 880 57 901 -.;-
234 834 461 883 Attamen
487 830 745 880 refutanda
773 830 918 878 etiam
946 844 1115 877 eorum
1145 829 1327 891 opinio,
1345 844 1469 892 quos
1490 845 1535 894 p.
1554 831 1591 877 V
1612 831 1711 880 dixi

91 918 385 970 Martianum
422 916 680 965 florentem
718 914 776 964 ad
814 928 995 963 annum
1022 911 1129 963 470
1164 913 1244 962 uel
1274 915 1472 963 6ἰι6ἰῑ6ι
1499 916 1709 972 rese1r,e

0 986 22 1071 ξ’
89 1005 143 1052 in
179 1018 272 1068 qua
310 1002 542 1067 opinione
580 1002 723 1049 etiam
744 999 980 1063 Koppius
1018 1005 1089 1047 est
1125 998 1259 1061 (nota
1289 999 1348 1047 ad
1376 1015 1422 1062 p.
1454 997 1559 1065 74).
1615 1001 1711 1050 hoc

0 1071 15 1148 ξ’
92 1089 225 1137 enim
247 1092 380 1151 patet
403 1101 450 1149 p.
465 1083 585 1140 375,
603 1083 628 1132 1
656 1091 765 1132 utut
783 1083 928 1132 lectio
954 1083 1259 1132 restituenda
1288 1090 1362 1132 est
1379 1084 1572 1134 Africae
1592 1100 1708 1148 pro-

91 1169 348 1222 consulem
388 1171 764 1219 conmemorari.
829 1170 993 1233 itaque
1031 1166 1166 1216 nullo
1204 1168 1351 1216 modo
1401 1169 1461 1218 de
1499 1178 1709 1220 exeunte

90 1255 288 1306 saeculo
328 1256 498 1320 quinto
534 1255 738 1317 cogitari
784 1252 897 1302 licet
934 1267 1044 1301 cum
1084 1253 1389 1301 notissimum
1429 1256 1491 1303 sit
1522 1256 1707 1305 Giseri-

0 1374 5 1390 .
92 1355 206 1390 cum
255 1355 298 1389 a.
351 1337 456 1389 439
516 1338 860 1401 Carthaginem
926 1350 1235 1399 expugnasse
1295 1338 1706 1404 prouinciamque

0 1431 11 1488 ’ζ
78 1425 305 1476 Africam
334 1424 599 1486 nonaginta
628 1423 845 1487 quinque
866 1436 1021 1471 annos
1047 1421 1134 1487 (ait
1155 1421 1454 1473 Iustinianus
1481 1422 1512 1471 Ι.
1538 1423 1568 1473 l.
1595 1424 1633 1489 ὅ
1654 1424 1704 1490 1)

0 1512 12 1554 ¹.
90 1490 334 1559 Vandalos
378 1509 619 1564 tenuisse,
674 1515 727 1556 ut
770 1507 864 1556 hoc
909 1514 1041 1556 certe
1083 1515 1308 1570 tempore
1353 1506 1517 1557 nullus
1559 1509 1709 1558 fuerit

0 1598 6 1622 -’
87 1593 284 1644 Africae
304 1592 588 1658 proconsul.
631 1598 887 1655 praeterea
914 1607 1035 1642 uero
1048 1591 1315 1652 Martianus
1338 1589 1562 1655 p.23l,3
1584 1594 1707 1644 haec

0 1662 16 1715 ἶ
90 1677 240 1728 habet
284 1680 534 1739 Carthago
582 1680 755 1727 inclita
794 1678 996 1739 pridem
1047 1679 1230 1738 ανφηὶε,
1282 1692 1415 1727 nune
1460 1679 1728 1737 felicitate

86 1765 390 1813 reuerentia.
431 1762 553 1812 haec
578 1761 744 1816 verba,
774 1776 899 1824 quae
927 1763 996 1810 eis
1023 1777 1149 1825 quae
1177 1777 1235 1810 ex
1261 1762 1418 1811 Plinio
1452 1762 1518 1811 111
1543 1761 1611 1812 38
1638 1763 1706 1813 ibi

89 1849 373 1913 exscripsit,
414 1847 474 1896 de
501 1862 590 1896 suo
618 1846 831 1902 addidit,
871 1846 1094 1910 profecto
1124 1861 1222 1894 non
1249 1846 1539 1904 addidisset,
1578 1849 1619 1896 si
1645 1864 1705 1897 eo

0 1942 6 1948 ·
86 1937 313 1995 tempore
339 1931 543 1980 uixisset
568 1945 665 1994 quo
693 1929 892 1979 Vandali
918 1931 1132 1979 Africam
1161 1938 1438 1988 tenuerunt,
1470 1947 1593 1995 quos
1619 1933 1703 1982 ad-

88 2030 267 2066 uersus
293 2017 518 2079 antiquos
543 2014 729 2065 incolas
757 2014 1098 2064 crudelissime
1126 2017 1283 2078 egisse
1317 2023 1364 2065 et
1389 2015 1586 2065 aliunde
1612 2032 1703 2067 no-

87 2107 195 2150 tum
222 2107 295 2150 est
321 2107 368 2150 et
395 2100 576 2150 diserte
612 2101 812 2163 exponit
837 2100 1135 2149 lastinianus
1161 2100 1192 2149 l.
1221 2099 1251 2149 l.
1290 2100 1375 2150 sed
1413 2102 1462 2148 in
1488 2092 1705 2152 ‘uniuer-

82 2199 199 2235 sum
223 2191 356 2250 patet
382 2185 724 2249 Carthaginem
762 2200 819 2233 eo
857 2192 1080 2249 tempore
1109 2200 1205 2247 quo
1233 2185 1355 2234 haec
1382 2192 1551 2235 noster
1581 2190 1704 2237 scri-

26 2299 28 2302 >
85 2269 185 2334 psit
226 2268 467 2318 illustrem
512 2269 642 2319 illam
682 2269 958 2319 litterarum
996 2270 1164 2319 sedem
1202 2271 1352 2319 fuisse
1390 2286 1535 2334 quam
1570 2272 1702 2335 Apu-

84 2351 212 2404 leius
239 2352 507 2403 celebrauit
534 2360 580 2403 et
607 2353 667 2403 de
694 2369 789 2418 qua
817 2357 879 2403 cf.
911 2354 1131 2419 Koppius
1156 2354 1187 2405 l.
1216 2354 1247 2403 l.
1279 2362 1326 2404 et
1353 2357 1703 2423 Bernhardyus

11 2496 13 2498 ,
74 2415 178 2488 ’litt
205 2436 310 2488 Lat.
338 2454 385 2503 p.
413 2435 499 2487 88.

228 2522 396 2578 Restat
439 2529 494 2572 ut
530 2538 712 2590 negem
747 2524 1037 2573 Martianum
1082 2532 1195 2589 post
1231 2525 1471 2574 Vandalos
1509 2543 1534 2574 a
1571 2526 1701 2575 Beli-

0 2664 3 2666 ,
32 2606 54 2654 J
79 2608 218 2657 sario
250 2622 309 2656 ex
335 2607 496 2657 Africa
531 2608 764 2672 depulsos
799 2609 970 2657 uiuere
1008 2611 1240 2672 potuisse.
1294 2610 1423 2673 quod
1456 2625 1566 2659 cum
1603 2612 1700 2660 iam

0 2675 2 2684 ¹
39 2715 41 2718 ·
82 2697 292 2756 propter
328 2692 765 2756 subscriptionem,
805 2692 865 2742 de
892 2707 986 2756 qua
1014 2708 1059 2756 p.
1091 2689 1178 2742 1111
1205 2693 1302 2742 dixi
1340 2694 1420 2757 (cf.
1447 2693 1587 2744 Rossi
1626 2696 1700 2744 in-

0 2828 3 2830 ,
78 2779 254 2840 script.
302 2772 480 2826 Christ.
521 2778 541 2826 Ι
584 2792 632 2840 p.
670 2775 775 2826 476
820 2776 1045 2826 laudatus
1090 2794 1115 2826 a
1152 2778 1457 2826 Mommseno
1509 2778 1699 2843 proleg.

2 2891 7 2894 -
81 2859 239 2910 Solin.
261 2875 307 2924 p.
327 2859 472 2926 XXX)
501 2863 646 2911 statui
672 2868 899 2924 nequeat,
929 2868 1032 2911 tum
1060 2860 1320 2926 postquam
1348 2860 1512 2913 a.534
1535 2864 1700 2914 Africa
