1982 3230
146 512 229 552 593

152 1904 236 1945 594

254 74 363 127 200
733 76 1032 118 MARTIANI
1063 55 1382 117 CAPELLAE

261 224 441 274 terras,
481 232 537 265 ac
575 214 694 265 salsa
720 214 946 264 Romulei
979 217 1104 264 uatis
1141 215 1487 280 exploderetur
1523 206 1726 268 assertio
1761 208 1858 284 qua

260 288 403 336 docet

401 370 588 419 nosque
613 354 699 404 ubi
724 356 915 419 primus
942 357 1080 419 equis
1108 356 1283 405 Oriens
1309 357 1510 407 adssauit
1535 357 1736 416 anhelis,

402 424 500 475 illic
526 440 636 474 sera
662 425 847 474 rubens
872 426 1097 476 accendit
1122 425 1306 476 lumina
1332 427 1532 491 Vesper.
1606 483 1608 485 ,
1638 472 1641 473 ⁷
1970 460 1982 499 3

260 497 376 561 quin
404 496 548 545 etiam
577 501 781 545 cunctae
808 501 978 546 noctes
1004 511 1060 544 ac
1082 496 1184 545 dies
1209 497 1448 546 similibus
1474 498 1742 549 interstitiis
1766 498 1856 549 ho·
1899 511 1922 543 5
1970 504 1982 551 ΤΞ

258 569 426 631 risque
461 581 657 629 semper
682 565 883 629 paribus
920 567 1240 615 conuenirent
1265 566 1480 632 nullique
1515 569 1643 632 parti
1668 568 1857 618 telluris

259 635 340 686 uel
367 643 666 700 apparerent
701 642 834 685 certa
861 635 942 684 uel
969 635 1057 684 alia
1098 637 1258 686 sidera
1292 646 1606 700 negarentur.
1672 644 1720 687 at
1747 654 1857 688 cum

258 708 436 756 Arctoa
490 706 747 755 conuersio
809 721 957 770 supra
1008 709 1246 756 uerticem
1296 707 1523 757 uoluatur
1571 709 1855 773 Hesperiae,

261 776 389 842 apud
417 776 740 840 Troglodytas
764 776 1133 841 Aegyptumque
1172 778 1413 826 confinem
1451 779 1614 842 ignoto
1642 777 1858 827 occulto·

262 863 355 911 que
380 847 577 911 penitus
612 847 772 896 sidere
799 847 1043 895 nescitur:
1085 861 1194 895 cum
1223 846 1472 911 Canopum
1510 863 1565 896 ac
1592 847 1857 897 Berenices
1880 861 1925 893 ιο
1976 871 1982 912 3

262 918 448 966 crinem
487 915 651 965 stellas
691 916 953 964 admodum
988 918 1320 980 praenitentes
1359 917 1551 981 Scythia
1581 917 1858 982 Galliaeque

261 993 406 1051 atque
440 987 545 1050 ipsa
574 1000 805 1048 prorsum
843 1001 941 1034 non
970 992 1139 1035 cernat
1173 986 1338 1043 ltalia,
1377 1002 1485 1035 cum
1513 986 1657 1053 illae>
1694 993 1858 1037 antar-

262 1058 399 1106 cticis
423 1058 570 1106 terris
598 1057 893 1119 conspicuae
921 1071 977 1104 ac
1002 1057 1335 1120 praenitentes
1363 1062 1410 1104 et
1434 1056 1571 1105 uelut
1595 1057 1859 1120 perpendi-

263 1126 451 1176 culatae
488 1125 729 1191 capitibus
765 1131 1132 1188 suspectentur:
1172 1128 1220 1173 in
1254 1125 1545 1175 Alexandria
1591 1127 1736 1175 etiam
1770 1127 1858 1176 Ca-

261 1211 418 1262 nopos
446 1202 615 1261 quarta
642 1203 782 1260 parte
808 1197 1055 1244 interstitii
1082 1197 1206 1258 signi
1234 1197 1376 1245 unius
1402 1195 1527 1244 ultra
1555 1202 1712 1246 terras
1739 1197 1857 1246 emi·
1882 1210 1931 1242 15

260 1273 389 1324 neat,
418 1267 723 1329 Trionesque
748 1266 970 1328 geminos
1005 1271 1058 1314 ut
1083 1266 1266 1315 deuexa
1306 1281 1402 1314 non
1441 1272 1632 1323 cernat;
1673 1282 1784 1316 cum
1809 1267 1860 1315 in

261 1336 438 1386 Arabia
477 1335 750 1386 Nouembri
782 1350 953 1384 mense
988 1335 1077 1384 suh
1118 1338 1275 1385 noctis
1309 1338 1524 1400 auspicio
1561 1336 1728 1386 Helice
1761 1351 1859 1385 non

265 1416 527 1470 conspecta
565 1406 779 1455 secunda
807 1404 971 1468 uigilia
998 1411 1358 1470 prospectetur‚
1386 1407 1436 1454 in
1462 1408 1628 1455 Meroe
1655 1405 1859 1455 solstitio

263 1483 451 1526 tantum
490 1477 760 1539 exiguaque
796 1475 1038 1524 breuitate
1078 1476 1390 1540 conspicitur,
1428 1475 1512 1523 ubi
1539 1477 1670 1525 circa
1697 1482 1858 1525 ortum

263 1548 460 1597 Arcturi
496 1562 607 1595 cum
645 1546 722 1594 die
758 1547 992 1601 nascitur,
1035 1561 1159 1609 quae
1196 1547 1311 1594 item
1346 1546 1398 1592 in
1422 1543 1566 1595 India
1593 1545 1860 1606 Patalitano
1883 1560 1930 1592 20

263 1622 411 1681 portu
437 1617 595 1678 prima
631 1621 819 1664 tantum
845 1621 985 1678 parte
1022 1616 1179 1664 noctis
1215 1615 1473 1678 aspicitur,
1509 1616 1558 1662 in
1585 1629 1679 1678 qua
1716 1616 1860 1664 etiam

264 1689 313 1735 in
340 1685 495 1735 Maleo
523 1691 691 1734 monte
718 1685 995 1749 quindecim
1023 1690 1210 1734 tantum
1238 1683 1410 1732 diebus
1436 1685 1610 1732 annuis
1634 1685 1858 1740 uidetur;

267 1758 374 1821 quis
409 1757 559 1819 igitur
586 1755 772 1804 dubitet
801 1753 896 1820 [et]
935 1753 1068 1817 globi
1096 1755 1371 1803 deuexioris
1401 1755 1626 1819 oppositu
1662 1753 1751 1803 alia
1787 1756 1860 1803 in-

268 1830 533 1890 conspicua
568 1825 675 1874 fieri
721 1831 865 1889 atque
903 1824 993 1872 alia
1037 1823 1174 1873 uelut
1209 1824 1464 1889 sphaerae·
1496 1823 1861 1885 curuat10nibus

267 1896 515 1946 eminere?
553 1895 745 1944 additur
767 1896 825 1943 ad
850 1894 995 1943 fidem
1023 1893 1155 1958 globi
1178 1894 1476 1943 rotundioris
1503 1893 1862 1959 ambigentibus
1884 1910 1930 1943 25

265 1965 586 2016 asserendum
614 1965 744 2028 quod
773 1964 889 2014 solis
921 1965 1164 2028 lunaeque
1192 1963 1403 2028 deliquia
1439 1965 1488 2012 in
1526 1978 1701 2013 occasu
1736 1964 1860 2013 facta

265 2037 474 2085 orientis
499 2034 689 2083 incolae
726 2050 825 2083 non
852 2035 1085 2083 uiderunt
1109 2036 1323 2098 itemque
1348 2035 1397 2082 in
1425 2040 1537 2083 ortu
1549 2034 1596 2081 si
1622 2034 1858 2091 accidant,

265 2121 290 2154 a
339 2111 436 2154 tota
473 2105 707 2154 Brittania
754 2111 898 2168 atque
946 2105 1182 2152 occasiuis
1220 2103 1505 2166 regionibus
1548 2105 1860 2166 ignorantur;

266 2177 410 2224 etiam
439 2176 484 2222 in
513 2174 686 2222 mediis
711 2174 958 2238 plerisque
992 2173 1277 2237 regionibus
1302 2173 1538 2222 horarum
1566 2173 1860 2222 diuersitati-

378 2316 402 2364 ξ
434 2316 515 2356 593
548 2327 603 2355 ex
632 2317 765 2367 parte
789 2327 842 2354 ex
863 2314 1015 2354 Plinio
1045 2313 1092 2353 II
1122 2315 1201 2354 178
1251 2310 1260 2366 1
1298 2313 1322 2362 ξ
1353 2313 1436 2353 594
1467 2326 1522 2353 ex
1540 2311 1658 2352 Plin.
1688 2311 1735 2353 ΙΙ
1758 2313 1859 2353 18οε

267 2372 320 2412 de
351 2370 574 2411 Martiani
608 2383 757 2411 errore
789 2369 883 2409 uid.
915 2368 1179 2409 Harduinus
1228 2366 1234 2422 Ι
1829 2386 1831 2389 ·

381 2501 406 2539 3
443 2498 572 2549 Very.
600 2497 752 2549 Geor-9.
776 2497 803 2535 I
824 2498 909 2536 250
947 2493 967 2549 {J
1005 2497 1030 2536 5
1062 2495 1242 2547 orisque
1265 2496 1305 2534 D
1350 2492 1374 2548 Π
1410 2495 1436 2535 8
1466 2493 1735 2547 haesperiae
1755 2492 1798 2533 B
1824 2491 1844 2547 ss

267 2556 292 2595 9
323 2553 580 2607 trogoditas
608 2552 693 2593 BD
751 2549 758 2604 l
809 2552 1099 2605 egiptumque
1127 2553 1168 2591 D
1214 2548 1234 2604 Η
1284 2553 1334 2591 11
1367 2551 1535 2591 crimen
1556 2549 1614 2590 B¹
1663 2546 1682 2603 ΙΙ
1731 2549 1862 2600 schy-

267 2610 336 2650 tia
357 2610 399 2649 B
429 2609 642 2661 schythia
671 2609 694 2648 b
756 2605 778 2662 1
811 2610 862 2648 12
895 2608 1138 2647 antarticis
1158 2607 1239 2647 BR
1278 2604 1296 2660 Η
1345 2607 1396 2647 15
1428 2610 1588 2659 quarte
1609 2607 1647 2646 R.
1683 2602 1703 2658 ΙΙ
1742 2604 1863 2657 signi

266 2667 403 2705 unius
423 2666 623 2718 Koppz'us
653 2678 711 2706 ex
737 2665 877 2705 Plinio
909 2663 1091 2716 signilis
1109 2663 1190 2703 BR
1236 2658 1258 2717 Ι]
1308 2663 1360 2702 16
1389 2675 1480 2703 non
1500 2662 1564 2702 Rb
1593 2673 1712 2701 nunc
1733 2659 1775 2699 B
1823 2657 1842 2711 ΙΙ

266 2722 320 2762 20
350 2733 450 2775 cum
471 2721 513 2761 B
558 2718 579 2775 Ι]
617 2720 889 2761 Patalitano
910 2719 1109 2771 Koppius
1129 2720 1184 2770 cf.
1207 2721 1319 2759 Plin.
1343 2719 1374 2758 I
1374 2719 1401 2758 I
1420 2720 1504 2764 184
1533 2717 1803 2770 patauitano
1823 2715 1861 2755 R

266 2769 539 2828 pataui'tano
567 2777 609 2817 B
658 2774 677 2830 Η
725 2778 778 2817 23
820 2779 865 2816 et
894 2777 1033 2816 ἀεῖραι·
1078 2772 1097 2829 Η
1145 2777 1199 2815 27
1230 2787 1318 2827 que
1350 2776 1526 2814 deletum
1555 2772 1658 2813 inB
1703 2770 1724 2827 Π
1785 2784 1862 2811 ac-

267 2833 433 2874 cedant
451 2832 551 2874 B¹R
598 2830 618 2886 l]
665 2834 718 2873 29
748 2831 1014 2885 plerumque
1036 2831 1135 2872 B¹R
1183 2828 1202 2884 ss
1792 2843 1796 2847 ·
