1982 3230
290 134 394 188 154
768 132 1069 175 MARTIANI
1100 133 1423 194 CAPELLAE

286 291 460 327 suasor
495 275 808 325 dissuasorue
846 274 1142 339 confligunt,
1179 290 1290 325 cum
1326 275 1572 341 alterum>
1598 276 1813 341 deligere
1846 278 1900 328 in

287 344 674 397 astructionibus
701 359 801 394 non
823 346 1080 395 uetemur?
1106 345 1193 395 sed
1218 353 1383 396 tamen
1409 348 1707 397 accusatoris
1732 354 1899 412 partes

288 417 539 466 dissuasor
564 414 762 465 uidetur
787 416 1024 479 arripere.
1100 418 1185 480 qui
1211 417 1340 465 enim
1366 417 1682 467 inhonestum
1708 417 1790 468 uel
1824 419 1896 467 in·

292 485 409 536 utile
444 484 564 535 illud
593 485 726 551 quod
753 485 1002 535 dissuadet
1026 487 1263 542 ostendit,
1291 487 1384 552 pro
1412 493 1548 537 certo
1573 490 1735 553 ipsum
1759 488 1898 538 uide-

289 563 371 606 tur
417 571 653 606 accusare
695 557 966 619 negotium.
1041 572 1309 620 persuasor
1353 572 1475 607 uero
1518 564 1685 623 partes
1728 559 1901 624 arripit
1943 570 1964 604 5

289 626 567 677 defensoris
595 635 643 677 et
667 628 853 690 negotii
879 633 1138 677 tractatum
1163 626 1380 692 qualibet
1405 627 1678 678 obiectione
1705 635 1900 679 contra-

290 698 476 748 rietatis
502 697 727 746 absoluit.
781 713 840 747 ex
867 713 963 762 quo
992 704 1039 747 et
1065 712 1331 761 persuasor
1359 698 1606 763 depellere
1632 705 1681 748 et
1705 699 1900 749 dissua-

291 783 374 818 sor
417 769 675 817 intendere
718 768 1041 818 memorandi.
1118 784 1175 818 ac
1220 770 1289 818 sic
1335 768 1646 819 conflictione
1687 771 1902 834 partium

292 838 421 888 facta
457 844 613 888 status
657 840 845 903 poterit
890 853 1155 903 apparere,
1203 845 1258 888 ut
1290 840 1341 888 in
1377 839 1464 888 tali
1512 855 1657 890 causa
1694 839 1900 890 ‘crebro

293 909 354 958 ad
389 923 561 959 muros
611 910 833 958 exercitu
867 909 1086 973 fugiente
1133 909 1374 959 deliberat
1420 911 1690 974 imperator
1733 916 1902 960 utrum
1925 922 1967 954 ιο

294 980 494 1029 diruat’.
535 1031 540 1036 ,
570 994 741 1028 muros
779 979 974 1028 excindi
1010 995 1120 1028 cum
1157 980 1300 1037 dicit,
1340 995 1504 1030 nonne
1541 981 1737 1030 uidetur
1763 982 1805 1030 si
1830 980 1900 1030 fe-

294 1051 418 1099 cerit
444 1050 690 1105 accusari,
729 1049 906 1098 deinde
944 1051 1162 1113 grauiter
1197 1056 1244 1098 et
1279 1050 1510 1100 seditiose
1544 1051 1604 1100 id,
1629 1052 1901 1101 exercitum

292 1121 679 1185 perpessurum?
729 1121 781 1168 in
831 1135 928 1184 quo
980 1122 1264 1170 coniectura
1315 1121 1400 1169 fiet
1449 1121 1509 1170 de
1559 1121 1903 1170 commotionis

294 1195 491 1240 euentu.
568 1206 625 1239 ac
661 1206 774 1239 mox
813 1191 853 1240 si
899 1190 1028 1240 dicat
1075 1191 1362 1239 ‘uictoriam
1405 1206 1506 1239 non
1550 1191 1826 1241 uocandam
1862 1192 1905 1240 si

293 1261 595 1326 praesidium
624 1262 834 1310 ciuitatis
861 1261 1156 1310 excinditur³
1177 1262 1287 1310 finis
1307 1263 1526 1311 accessit.
1573 1261 1903 1311 definiendum
1926 1272 1968 1306 15

138 1339 277 1382 1526
300 1333 480 1396 quippe
508 1330 666 1395 qualis
693 1337 848 1381 status
884 1333 1134 1381 moenium
1177 1333 1434 1381 uictoriam
1470 1332 1617 1381 saciat
1643 1331 1901 1382 celebrari.

176 1902 266 1943 468

295 1412 414 1451 tunc
441 1403 480 1450 si
508 1402 757 1451 dissuasor
785 1401 931 1451 addat
967 1404 1103 1451 ‘sine
1131 1401 1336 1451 consilio
1362 1408 1560 1451 senatus
1594 1402 1645 1451 id
1670 1403 1780 1452 fieri
1805 1416 1905 1450 non

295 1472 507 1522 debere'
533 1473 856 1536 praescriptio
884 1473 1028 1521 etiam
1065 1472 1261 1521 uidetur
1286 1473 1538 1522 accedere.
1617 1479 1804 1522 certum
1831 1478 1907 1521 est

294 1544 445 1606 igitur
472 1548 521 1591 et
545 1543 868 1592 intentionem
895 1542 1164 1592 dissuasori
1189 1544 1297 1592 iure
1323 1544 1564 1605 assignari
1590 1550 1638 1592 et
1663 1541 1904 1592 delibera-

297 1614 386 1662 tiui
413 1619 618 1662 cunctos
654 1619 808 1661 status
835 1614 1117 1677 promptius
1143 1628 1400 1677 apparere.
1454 1613 1709 1662 sciendum
1735 1620 1903 1662 tamen
1926 1623 1969 1656 20

297 1699 359 1732 ne
386 1684 635 1732 dissuasor
673 1682 810 1732 uelut
846 1683 1136 1732 sententiam
1163 1683 1331 1732 dicens
1367 1683 1628 1747 prohibeat
1654 1689 1903 1746 tamquam

295 1753 471 1811 iudeX,
500 1768 610 1803 cum
640 1755 745 1802 eius
772 1752 987 1802 officium
1027 1753 1122 1802 hoc
1150 1755 1210 1802 sit
1238 1768 1298 1802 ne
1326 1753 1470 1802 faciat
1502 1753 1804 1817 persuadere
1829 1754 1904 1801 in-

297 1825 535 1874 honestae
561 1825 636 1873 rei
661 1823 743 1872 uel
769 1823 954 1873 inutilis
980 1826 1172 1874 ratione
1198 1829 1483 1873 monstrata.

439 1895 539 1943 lam
559 1909 690 1943 nunc
709 1895 758 1942 in
773 1905 1270 1944 DEMONSTRATIVO
1286 1909 1431 1959 quem
1453 1894 1513 1943 ad
1531 1893 1730 1943 modum
1753 1897 1906 1941 status

299 1971 520 2029 emergat
544 1979 645 2014 non
673 1970 745 2014 est
769 1963 911 2013 facile
947 1971 1220 2014 memoratu
1240 1964 1447 2025 vidcir00,
1477 1965 1589 2028 quia
1616 1978 1715 2012 non
1741 1963 1909 2012 statim·
1927 1971 1970 2006 25

296 2035 492 2085 laudem
521 2035 816 2099 uituperatio
844 2041 1169 2092 consectatur,
1199 2041 1253 2084 ut
1279 2036 1497 2100 quisquis
1523 2033 1778 2084 laudabilis
1804 2047 1904 2082 non

300 2116 374 2155 est
391 2104 731 2170 uituperabilis
751 2104 1005 2160 habeatur,
1034 2105 1115 2154 uel
1144 2112 1315 2153 contra
1331 2106 1415 2169 qui
1437 2105 1796 2168 uituperatione
1824 2118 1905 2152 ca-

298 2177 455 2224 ruerit
477 2173 703 2224 laudibus
716 2175 986 2238 fastigetur,
1008 2177 1115 2223 utsi
1133 2174 1406 2224 laudandus
1430 2191 1488 2223 ex
1512 2191 1570 2224 eo
1594 2175 1704 2238 quis
1716 2173 1905 2223 dicatur

300 2246 412 2310 quia
436 2244 755 2294 homicidium
773 2258 871 2293 non
895 2245 1152 2293 commisit.
1192 2250 1264 2293 est
1284 2259 1403 2308 ergo
1423 2244 1639 2293 medium
1656 2241 1904 2309 [nomen],

300 2315 434 2381 quod
469 2315 798 2380 priuationem
834 2313 1016 2378 placuit
1048 2315 1337 2370 memorari,
1374 2319 1638 2378 propterea
1674 2315 1784 2378 quia
1821 2314 1906 2378 qui
1929 2324 1970 2358 30

300 2386 444 2436 laude
469 2387 695 2451 priuatur
720 2399 820 2434 non
847 2385 1104 2435 confestim
1130 2385 1479 2448 uituperationi
1503 2385 1802 2449 permittitur
1827 2382 1909 2433 uel

417 2571 439 2608 1
473 2567 664 2621 diligere
694 2566 798 2608 B¹D
835 2565 858 2622 ss
906 2570 929 2608 7
962 2567 1197 2608 dissuasor
1226 2565 1466 2607 intendere
1497 2569 1544 2606 et
1562 2577 1808 2618 persuasor
1829 2563 1906 2604 de-

301 2624 476 2678 pellere
497 2625 565 2665 Db
595 2636 839 2678 persuasor
867 2624 1107 2664 intendere
1140 2627 1186 2664 et
1216 2622 1451 2663 dissuasor
1480 2621 1711 2675 depellere
1732 2619 1775 2659 B
1804 2633 1907 2672 per-

302 2694 472 2722 suasor
517 2680 751 2734 depellere
800 2683 847 2720 et
882 2680 1118 2721 dissuasor
1155 2679 1389 2732 depellere
1419 2679 1458 2718 R
1487 2690 1599 2718 corr.
1631 2677 1824 2717 Halmius
1867 2673 1888 2728 ΙΙ

306 2739 358 2777 10
385 2742 486 2790 post
505 2737 660 2777 diruat
680 2738 783 2777 add.
806 2748 956 2776 muros
978 2736 1002 2776 b
1035 2733 1055 2790 Η
1096 2738 1147 2776 12
1181 2747 1402 2776 accusare
1423 2732 1540 2774 B¹R¹
1572 2729 1594 2786 Π
1631 2734 1682 2772 19
1712 2732 1824 2772 iuris
1845 2730 1906 2771 Β1

300 2793 393 2833 iuri
411 2794 451 2834 R
478 2791 501 2834 l
527 2793 628 2833 iure
648 2793 719 2833 Rm
772 2790 791 2846 Η
841 2793 1070 2845 assignari
1099 2793 1293 2831 Halmius
1332 2789 1509 2842 signari
1535 2788 1618 2828 BR
1663 2785 1683 2840 Ι]
1733 2788 1908 2828 delibe-

304 2849 472 2890 ratiuis
501 2847 602 2889 B¹R
638 2845 658 2902 [l
697 2851 752 2890 23
782 2849 859 2889 uel
889 2850 1030 2889 codex
1053 2849 1193 2888 Grotii
1219 2847 1348 2887 uelut
1368 2846 1449 2886 BR
1487 2841 1505 2898 ΙΙ
1552 2846 1606 2884 29
1637 2856 1803 2885 nomen
1833 2845 1906 2885 de-
1959 2893 1962 2896 Ι

301 2906 387 2944 lezcz'
423 2901 442 2957 [l
481 2907 534 2946 31
565 2905 906 2958 uituperatione
933 2905 972 2944 R
1009 2900 1032 2958 Π
