1982 3230
0 0 238 161 w
559 75 561 81 ἲ
751 106 990 156 LIBERI
1613 109 1685 161 23

77 253 177 306 leni
204 253 416 320 quodam
451 261 723 320 teneroque
761 252 902 305 uultu
937 268 998 304 ex
1022 253 1239 304 fraterna
1276 251 1522 318 fulgorem
1556 251 1684 302 lam-

76 325 204 394 pade
228 323 524 376 resumebat.
595 331 708 390 post
733 324 824 374 hos
850 323 1048 375 admissi
1082 325 1261 374 fratres
1286 324 1439 382 louis,
1469 339 1681 389 quorum

76 395 203 448 alter
225 396 467 446 maritima
493 410 692 460 semper
717 395 1038 446 inundatione
1064 394 1289 453 uiridior,
1318 392 1441 444 alius
1466 393 1684 457 lucifuga

78 465 438 519 inumbratione
479 464 767 531 pallescens,
840 467 891 516 in
935 466 1094 532 capite
1144 471 1353 531 uterque
1402 464 1686 516 dominandi
1716 479 1771 519 79

33 548 58 582 5
81 544 267 589 sertum
298 552 392 603 pro
424 538 567 601 regni
602 537 892 588 condicione
928 535 1163 601 gestabat.
1223 551 1339 586 nam
1371 551 1500 587 unus
1534 535 1684 586 albidi
1713 549 1770 590 80

78 607 192 659 salis
215 609 368 658 instar
389 607 649 658 candidum
670 613 817 672 atque
837 622 1126 673 spumarum
1148 606 1325 657 canitie
1344 605 1683 664 concolorum‚

78 678 201 730 alter
226 678 469 729 ebeneum
496 694 552 728 ac
564 678 830 729 Tartareae
864 679 1023 728 noctis
1048 677 1349 728 obscuritate
1375 677 1682 734 furuescens,

78 751 164 814 qui
197 749 396 815 quidem
440 748 593 799 multo
631 749 779 800 ditior
818 749 972 800 fratre
998 754 1047 799 et
1071 763 1268 813 semper
1302 746 1514 814 <eorum
1558 761 1685 811 quae

78 821 348 885 gignuntur
383 819 826 885 conquisitionibus
861 818 1125 886 opulentus
1161 818 1284 870 alius
1318 834 1442 869 uero
1477 826 1686 884 propter

13 902 56 936 ιο
77 890 256 941 molem
283 890 642 956 elationemque
667 891 891 956 corporis
916 889 1190 941 renudatus
1215 905 1272 941 ac
1293 889 1541 955 despuens
1560 889 1683 939 diui-

79 963 175 1013 tias
202 961 524 1027 obpressione
559 963 820 1028 quaesitas.
894 977 1070 1012 uerum
1104 962 1303 1026 utrique
1329 960 1523 1010 diuersa
1561 975 1679 1010 con·
1713 974 1765 1014 81

77 1034 212 1083 iunx.
246 1047 361 1082 nam
379 1032 460 1082 bic
479 1033 642 1083 nudus
667 1034 887 1082 omnium
913 1034 1159 1083 nutricem
1186 1031 1490 1096 deorumque
1517 1031 1683 1095 hospi-

81 1112 178 1154 tam
223 1117 391 1152 secum
435 1102 582 1160 ducit,
629 1103 713 1153 ille
753 1102 968 1168 puellam
1013 1102 1292 1153 accessibus
1336 1102 1679 1168 gratulantem,
1713 1117 1768 1156 21
1791 1114 1829 1155 G

81 1189 204 1238 quae
222 1174 287 1223 ita
306 1173 601 1238 plerumque
621 1174 816 1238 frugem
833 1173 1214 1238 exposcentibus
1235 1172 1418 1230 tribuit,
1448 1179 1500 1223 ut
1520 1174 1687 1236 magni

18 1256 58 1290 1⁵
82 1244 291 1294 nominis
323 1249 437 1293 uota
471 1245 569 1294 sint
605 1244 764 1294 eidem
798 1244 1064 1294 redhibere
1098 1244 1431 1294 centesimam.
1508 1243 1687 1294 dehinc
1716 1251 1771 1291 82

81 1315 278 1365 admissi
302 1313 539 1364 Tonantis
573 1315 727 1380 ipsius
762 1314 862 1364 filii.
935 1315 1065 1365 inter
1101 1330 1225 1380 quos
1258 1316 1451 1379 primus
1487 1314 1687 1378 quidem

79 1384 231 1435 ruber
254 1384 445 1434 inuenis
472 1400 529 1434 ac
554 1400 709 1435 uorax
735 1385 956 1435 omnium
980 1386 1238 1450 sititorque
1264 1385 1409 1434 etiam
1435 1385 1687 1450 sanguinis

79 1453 408 1518 gradiebatur.
484 1454 605 1505 alter
650 1457 816 1506 suauis
852 1462 900 1506 et
944 1457 1097 1506 comis
1146 1454 1421 1521 falcemque
1464 1456 1684 1512 dextera,

78 1526 217 1576 laeua
238 1532 435 1590 gestans
461 1532 653 1577 cratera
673 1527 979 1577 somnificum
1007 1541 1064 1577 ac
1083 1541 1270 1593 pronus
1294 1527 1345 1576 in
1364 1526 1685 1592 petulantiam

14 1609 57 1642 20
78 1596 400 1647 referebatur.
452 1595 601 1647 huius
628 1612 827 1662 gressus
852 1599 1027 1647 incerti
1052 1604 1199 1663 atque
1223 1597 1372 1647 olacis
1390 1599 1558 1648 temeti
1583 1613 1687 1646 ma-

80 1666 282 1717 doribus
305 1665 553 1731 implicati.
615 1674 726 1731 post
758 1668 850 1718 hos
886 1668 1100 1719 duorum
1133 1683 1230 1718 una
1258 1669 1456 1733 quidem
1492 1683 1685 1732 germa-
1715 1676 1770 1717 83

81 1752 241 1803 naque
266 1738 413 1787 facies
439 1738 524 1788 sed
552 1738 674 1788 alius
698 1737 821 1789 lucis
847 1739 1033 1796 sidere,
1063 1754 1245 1804 opacae
1271 1739 1430 1788 noctis
1457 1738 1580 1788 alius
1607 1754 1686 1788 re·

79 1808 311 1873 fulgebat.
383 1809 562 1859 dehinc
595 1809 794 1874 quidam
827 1808 1025 1859 roboris
1060 1809 1263 1859 inauditi
1300 1815 1347 1858 et
1383 1808 1686 1875 extirpandis
1715 1819 1773 1859 84

80 1894 277 1944 semper
315 1878 693 1929 aduersitatibus
735 1886 1074 1944 praeparatus.
1153 1880 1242 1930 sed
1281 1882 1386 1930 eius
1425 1881 1579 1930 miros
1613 1879 1683 1929 la-

18 1963 58 1997 25
81 1955 243 1999 certos
268 1950 519 2014 rictusque
540 1949 808 2000 Cleonaeos
831 1949 958 2000 limis
978 1950 1099 2000 Iuno
1121 1950 1370 2000 cernebat.
1410 1951 1525 2015 quin
1553 1952 1682 2000 inter
1713 1961 1769 2000 85

83 2035 168 2069 eos
193 2020 424 2070 decentes
449 2021 676 2071 feminae.
730 2036 940 2087 quarum
979 2036 1075 2071 una
1101 2022 1243 2084 uirgo
1272 2020 1539 2071 ferebatur.
1592 2021 1686 2072 alia

81 2091 459 2154 generationum
505 2093 724 2141 omnium
762 2098 936 2142 mater.
992 2090 1097 2158 illi>
1123 2107 1270 2142 arcus
1301 2107 1413 2142 cum
1448 2092 1684 2156 pharetra

81 2160 194 2210 huic
228 2163 356 2210 rosis
382 2161 676 2213 decussatim
715 2163 891 2212 uinctis
927 2168 1107 2214 sertata
1136 2164 1398 2213 contextio,
1463 2178 1609 2228 quam
1637 2171 1686 2213 et

79 2232 365 2296 conspicere
390 2233 626 2283 nitentem
656 2240 703 2283 et
728 2233 911 2285 fantem
947 2233 1117 2285 audire
1143 2234 1311 2284 dulces
1336 2234 1613 2285 inlecebras
1641 2240 1689 2284 et

196 2445 218 2484 1
269 2443 365 2486 leui
400 2444 481 2485 BR
520 2458 634 2488 corr.
660 2460 691 2499 p
768 2443 788 2500 ΙΙ
865 2448 889 2486 2
943 2447 1146 2487 ammissi
1183 2444 1282 2487 B¹R
1358 2444 1377 2500 ΙΙ
1454 2449 1479 2487 5
1531 2446 1686 2487 condi-

82 2501 207 2542 tione
230 2501 266 2540 R
304 2497 323 2555 Η
369 2501 393 2540 6
426 2502 605 2543 canicie
629 2502 652 2542 b
682 2503 904 2543 canitiem
923 2503 1005 2543 BR
1026 2502 1236 2557 vppssp
1259 2505 1360 2544 add.
1384 2503 1407 2543 b
1456 2500 1475 2557 Η
1524 2505 1548 2543 7
1582 2503 1686 2543 ebe-

81 2569 188 2597 num
226 2556 268 2596 B
323 2554 341 2611 ΙΙ
398 2558 447 2597 11
499 2559 793 2611 oppressione
824 2560 865 2598 D
924 2557 943 2613 [1
1002 2561 1054 2601 15
1102 2562 1298 2601 nominis
1336 2561 1494 2612 scripsi
1544 2559 1686 2598 numi-

82 2613 268 2655 nisBl)
316 2611 336 2667 ll
394 2614 601 2655 redibere
633 2617 672 2655 D
730 2612 749 2669 Π
808 2616 861 2656 18
911 2615 1169 2670 falcemque
1198 2619 1221 2658 b
1262 2617 1502 2668 facemque
1536 2614 1577 2654 B
1616 2615 1688 2656 fa-

85 2671 245 2710 cemD
282 2666 303 2723 Η
342 2670 554 2710 dextraD
593 2667 612 2724 Η
654 2673 705 2713 19
727 2672 848 2712 imD
892 2669 912 2727 ΙΙ
949 2674 1003 2713 22
1027 2687 1173 2727 opace
1195 2687 1271 2715 om.
1295 2671 1394 2712 3¹1)
1443 2669 1461 2726 Η
1501 2673 1555 2711 25
1577 2672 1688 2712 sub-

82 2725 205 2766 limis
236 2726 302 2766 bD
333 2727 516 2767 retortis
548 2727 693 2768 oculis
723 2728 831 2781 quia
853 2742 1009 2770 omnes
1038 2730 1274 2783 priuignos
1303 2732 1487 2782 praeter
1507 2729 1685 2769 Mercu-

47 2783 50 2790 '
83 2782 199 2822 rium
229 2783 391 2823 oderat
420 2785 520 2825 add.
552 2784 575 2824 b
625 2782 643 2838 Η
694 2785 793 2838 quis
821 2785 863 2826 B
910 2781 933 2839 Π
979 2787 1032 2826 26
1073 2790 1324 2839 sequuntur
1357 2797 1434 2825 eos
1466 2783 1686 2825 decentes

85 2835 405 2889 (decernentes
426 2839 523 2892 BR)
557 2841 758 2882 feminae
778 2842 948 2883 Grotius
986 2839 1004 2895 Η
1045 2843 1099 2883 28
1130 2843 1387 2884 decusatim
1409 2841 1490 2882 BR,
1529 2838 1547 2895 Η
1586 2842 1689 2883 uin-

87 2893 255 2936 culatis
287 2895 309 2935 b
359 2892 379 2949 Η
426 2898 479 2937 29
520 2895 664 2938 dulcis
698 2896 738 2937 B
787 2895 807 2953 Η
