1982 3230
750 133 937 177 LIBER
966 134 990 175 1
1652 138 1683 188 5

15 319 21 335 -.
74 280 203 330 sorte
220 277 438 345 Cyllenio
462 292 620 342 paene
640 277 903 328 lacrimans
928 277 1175 326 nuntiauit
1194 278 1246 325 in
1271 275 1540 342 potentiam
1561 275 1682 340 pha-

16 342 34 363 ’”
74 352 249 400 retrati
284 348 631 412 uolitantisque
679 349 848 412 superi
886 347 947 397 de
995 363 1084 397 sua
1125 349 1359 398 societate
1401 352 1682 412 correptam

75 422 417 486 captiuamque
470 419 795 469 adamantinis
836 418 1047 468 nexibus
1091 434 1119 467 a
1162 418 1403 483 Cupidine
1453 417 1678 467 detineri.

20 486 22 490 ’
76 506 227 556 super
261 491 336 541 bis
369 491 516 554 igitur
543 491 793 554 uirginum
830 488 1054 539 thalamis
1082 489 1197 538 dum
1239 504 1348 539 eum
1386 487 1683 539 deliberatae
1715 494 1742 533 8

29 572 53 607 6
77 563 225 613 sortis
254 561 588 611 blandimenta
615 562 919 611 frustrantur
946 575 1039 609 nec
1073 558 1216 609 facile
1245 561 1502 625 quaepiam
1538 574 1681 625 prae·
1728 604 1731 605 γ

12 640 13 643 ’
73 640 207 684 terea
242 647 366 698 quae
411 646 628 695 congrua
666 633 872 695 paritate
909 630 1146 680 Tonantis
1189 645 1347 680 nurus
1383 630 1683 694 deligeretur

75 704 316 758 occurrit,
353 702 564 779 amplius
610 701 982 752 deliberandum
1020 703 1241 766 suggerit
1274 701 1452 751 Virtus.
1518 715 1683 764 neque

75 789 186 824 eum
233 776 339 824 sine
375 771 614 839 Apollinis
650 773 857 824 consilio
894 774 1156 838 quicquam
1193 771 1375 822 debere
1411 772 1683 822 decernere

73 851 156 894 aut
180 846 254 894 fas
280 844 341 894 ab
369 846 474 894 eius
509 844 859 908 congressibus
894 844 1155 899 aberrare,
1186 858 1298 893 cum
1333 843 1530 894 zodiaca
1566 858 1679 894 eum

8 927 51 973 ιο
70 916 283 987 hospitia
308 921 694 987 praemetantem
731 929 1000 979 numquam
1038 914 1211 964 abesse
1246 921 1500 964 menstrua
1533 852 1723 1018 prae-¹

31 1015 33 1018 ·
70 988 295 1036 cursione
321 978 843 1050 permlttertff‘igitur
871 987 1190 1035 constitutum
1217 985 1518 1049 ubicumque
1544 986 1677 1036 loco·

68 1072 180 1107 rum
226 1058 377 1106 frater
421 1062 551 1107 esset
594 1057 828 1127 adiret-tgr.
920 1073 977 1106 ac
1018 1064 1140 1106 tunc
1196 1055 1447 1107 uolatilem
1485 1058 1675 1121 uirgam
1707 1063 1732 1102 9
1772 1060 1854 1102 56

71 1129 142 1178 uti
167 1143 335 1178 secum
371 1128 542 1177 mundi
577 1130 743 1192 penita
770 1142 1030 1191 permeare
1066 1127 1413 1193 aetheriosque
1447 1143 1677 1178 recessus

70 1200 361 1263 inrumpere
397 1198 540 1262 parili
576 1198 828 1248 celeritate
865 1205 1061 1263 posset,
1101 1200 1279 1248 Virtuti
1315 1199 1516 1248 demere
1561 1214 1676 1264 per-

9 1279 49 1314 15
70 1270 230 1319 mittit.
290 1271 395 1334 ipse
422 1269 631 1333 pedibus
659 1267 827 1318 talaria
853 1271 1010 1318 nectit
1034 1284 1184 1318 aurea
1213 1276 1260 1318 et
1285 1284 1418 1319 nunc
1453 1271 1505 1319 in
1530 1271 1675 1326 fanis,

71 1339 249 1404 quibus
275 1346 359 1390 aut
383 1341 612 1389 uaticinia
651 1339 864 1402 obliquis
899 1339 1231 1389 fundebantur
1267 1339 1559 1404 ambagibus
1595 1347 1680 1390 aut

69 1410 312 1461 denudata
356 1410 604 1474 pecudum
648 1410 798 1460 caede
847 1410 1129 1483 ijsgiculatis
1174 1415 1400 1461 extorum
1450 1412 1679 1481 prosiciis

67 1482 262 1532 uiscera
306 1479 634 1545 loquebantur
669 1480 947 1546 quibusque
982 1484 1158 1532 solitus
1195 1484 1399 1532 sortitus
1436 1482 1678 1532 excedere

66 1549 324 1618 <uellogia
337 1566 625 1616 personare,
652 1553 816 1616 sagaci
837 1568 948 1602 eum
974 1554 1354 1617 inuestigatione
1380 1553 1674 1617 disquirunt,

0 1634 47 1668 ³20
67 1622 156 1674 sed
189 1622 267 1672 his
311 1623 570 1689 adytorum
608 1622 716 1672 fasti
752 1625 813 1687 iis
849 1623 1193 1689 specubusque
1238 1624 1451 1674 uiduatis
1488 1624 1677 1688 absque
1713 1640 1764 1678 10

66 1693 193 1743 lauri
228 1695 411 1743 arentis
445 1695 613 1758 paucis
639 1682 904 1744 admodum
941 1693 1071 1743 foliis
1107 1696 1342 1759 uittisque
1378 1694 1674 1753 semiuulsiS,

69 1778 190 1829 quas
215 1765 265 1813 in
292 1764 509 1814 Cumano
536 1770 678 1814 antro
704 1771 818 1830 post
845 1763 1079 1829 Sibyllam
1100 1766 1347 1815 tinearum
1374 1780 1570 1816 morsus
1596 1782 1675 1816 ca·

67 1836 266 1900 riesque
303 1835 600 1899 carpebant,
629 1834 752 1884 nihil
779 1836 882 1885 eius
907 1837 1068 1899 potuit
1100 1837 1332 1897 inueniri.
1397 1851 1488 1901 per
1515 1838 1676 1887 aerios

67 1905 214 1956 etiam
241 1911 453 1963 tractuS,
483 1905 663 1968 quibus
688 1906 906 1955 formare
943 1905 1115 1956 solitus
1143 1912 1192 1955 et
1224 1905 1483 1956 uolucrum
1511 1907 1674 1957 diuer-

0 1977 149 2025 '.·5'sos
173 1980 362 2025 meatus
390 1981 438 2024 et
463 1977 685 2026 oscinum
712 1976 902 2042 linguas
930 1962 1250 2042 et'praepetis
1277 1980 1438 2028 omina
1465 1960 1686 2043 pennae?

65 2045 248 2096 frustra
272 2047 619 2110 incassumque
645 2046 952 2110 disquiritur.
980 2048 1077 2097 iam
1104 2048 1297 2111 pridem
1319 2050 1500 2113 quippe
1522 2049 1675 2099 offen-

69 2131 154 2166 sus
198 2118 474 2167 contamine
524 2118 882 2167 monendorum
911 2118 1202 2182 dedignatur
1238 2118 1445 2170 AVGVR
1472 2119 1674 2186 Pythius

65 2187 354 2251 nuncupari.
390 2189 507 2238 item
531 2204 643 2238 eum
668 2188 718 2236 in
737 2187 971 2238 Helicona
985 2187 1138 2239 Delon
1159 2190 1455 2255 Lyciamque
1478 2197 1674 2241 sectan-

67 2262 159 2307 tur.
229 2258 313 2307 sed
359 2257 474 2308 alibi
516 2257 683 2309 lauros
725 2261 969 2329 primores
1008 2267 1303 2326 arentesque
1348 2260 1521 2311 ederas
1557 2261 1707 2322 alibi!

0 2305 44 2425 ἕξ
66 2329 333 2378 cariantem
359 2329 603 2394 tripodem
640 2329 964 2395 crepidasque
992 2331 1089 2380 situ
1115 2332 1363 2382 murcidas
1388 2334 1671 2397 praesagio-
1699 2327 1707 2377 ἕ

31 2428 38 2451 t

179 2483 201 2523 1
232 2495 379 2535 poene
400 2485 438 2525 R
468 2481 473 2538 Ι
514 2486 722 2538 potentia
742 2485 784 2525 B
857 2486 1076 2527 faretrati
1095 2487 1178 2528 BR
1206 2484 1225 2541 Η
1253 2489 1278 2528 6
1309 2488 1548 2541 parilitate
1571 2489 1607 2529 R
1633 2485 1655 2541 H

63 2540 92 2580 8
122 2538 370 2592 appollinis
401 2541 439 2581 R
489 2538 496 2595 Ι
541 2543 566 2582 9
596 2541 719 2582 haud
751 2542 774 2582 b
882 2545 933 2583 12
974 2547 1022 2583 at:
1051 2557 1075 2583 r
1121 2541 1141 2598 Η
1192 2546 1245 2584 14
1285 2544 1467 2585 demere
1502 2545 1673 2586 Grotius

65 2593 122 2636 de
151 2607 276 2635 more
307 2595 390 2636 BR
441 2594 447 2651 l
488 2599 540 2638 16
571 2598 832 2652 anbagibus
862 2599 901 2639 R
939 2596 958 2654 1]
998 2602 1049 2641 17
1081 2599 1315 2641 denudata
1336 2603 1431 2642 cod.
1453 2601 1569 2653 Huy.
1594 2601 1671 2642 de-

65 2651 281 2692 nuntiata
301 2651 387 2693 BR
420 2651 429 2707 l
475 2654 785 2707 physiculatis
804 2655 846 2694 B
884 2651 903 2710 Η
941 2657 1136 2709 prosicis
1167 2657 1209 2696 B
1240 2655 1258 2709 ΙΙ
1300 2657 1352 2697 18
1383 2657 1543 2698 solitus
1566 2659 1667 2702 add.

64 2706 231 2761 Koppt'i
250 2708 568 2751 ‘Monacenses’
590 2708 610 2764 Η
631 2711 890 2753 excidereR
910 2709 929 2766 Η
949 2715 1004 2754 20
1025 2713 1252 2753 aditorum
1264 2713 1349 2753 BD
1374 2710 1394 2767 Η
1414 2714 1666 2766 specubus;

0 2803 1 2816 ἦ
55 2764 303 2816 ῑςιιίᾶιιεηίε
323 2766 364 2806 D
390 2762 410 2820 1]
439 2768 491 2807 21
522 2767 723 2820 uitisque
746 2767 788 2807 B
817 2764 836 2823 Η
866 2771 920 2809 22
952 2768 1155 2810 sibillam
1177 2769 1218 2808 B
1247 2767 1266 2823 [l
1292 2771 1346 2810 25
1378 2783 1540 2811 omena
1570 2767 1654 2825 1)ss

0 2820 1 2830 ¹
64 2820 119 2861 26
153 2820 452 2875 incasumque
483 2825 524 2864 D
562 2820 581 2878 ΙΙ
620 2825 673 2864 27
710 2824 867 2877 phtius
897 2827 938 2866 D
976 2822 996 2879 ΙΙ
1042 2826 1097 2866 28
1129 2825 1312 2866 elicona
1342 2827 1382 2866 D
1422 2823 1440 2879 ΙΙ
1478 2826 1669 2879 lycium-

65 2885 152 2928 que
172 2876 258 2918 BD
278 2891 392 2919 corr.
411 2879 505 2922 Nic.
524 2881 727 2922 Heinsius
754 2878 774 2935 ΙΙ
807 2883 860 2923 29
891 2882 1059 2935 primos
1080 2882 1120 2922 D
1150 2878 1168 2936 Η
1205 2884 1260 2924 30
1292 2883 1544 2925 carientem
1563 2885 1603 2924 D
1629 2881 1650 2939 Η

62 2932 289 2976 marcidas
318 2935 359 2975 D
406 2931 426 2989 ΙΙ
