1982 3230
249 122 363 175 252
739 121 1038 163 MARTIANI
1070 100 1389 164 OAPELLAE
1858 111 1863 113 “
1899 91 1902 94 ’
1971 94 1982 124 ’“

258 264 542 314 harmonias
579 261 854 312 ostenditur
879 264 1131 325 genuisse,
1170 264 1351 329 quippe
1386 280 1470 315 sex
1507 266 1568 315 ad
1605 266 1864 318 duodecim

260 333 369 399 est>
382 332 671 397 symphonia
700 331 950 397 diapason,
978 348 1063 382 sex
1098 334 1158 382 ad
1185 348 1366 384 nouem
1393 335 1664 393 hemiolios,
1692 353 1778 388 sex
1803 339 1864 389 ad

259 409 370 453 octo
410 403 631 468 epitritos
665 402 712 452 id
747 409 821 453 est
845 403 1133 469 symphonia
1161 404 1479 456 diatessaron.
1545 408 1675 457 unde
1699 407 1865 459 Venus

257 474 554 523 Harmoniae
591 480 746 523 mater
772 474 1076 537 perhibetur.
1132 475 1249 524 item
1276 475 1354 525 hic
1379 478 1600 527 senarius
1626 478 1864 543 quadrato

259 552 307 592 et
341 543 495 593 solido
523 545 838 609 quaternario
874 546 1087 594 sociatus
1114 544 1262 615 horas
1293 546 1388 596 diei
1424 550 1681 614 noctisque
1707 549 1861 600 dime-
1906 558 1929 591 5

257 615 400 664 titur:
441 630 553 664 nam
581 621 753 680 quater
779 617 885 664 seni
914 616 1087 680 uiginti
1112 622 1343 681 quattuor
1370 618 1500 669 facit.

132 732 227 772 ‘¹738
402 711 526 769 Quid
549 721 711 763 autem
736 721 794 770 te,
822 725 1063 772 HEPTAS,
1091 715 1423 764 uenerandam
1451 716 1864 767 commemorem?

259 799 386 849 quae
412 784 543 849 quod
580 791 783 834 naturae
811 800 960 848 opera
987 787 1092 835 sine
1121 786 1392 835 feturarum
1431 789 1718 850 contagione
1746 803 1864 838 con-

260 855 471 910 formas,
511 855 636 903 inter
673 855 791 905 deos
828 855 1076 905 Tritoniae
1121 857 1325 918 uirginis
1361 857 1657 907 uocabulum
1695 873 1863 922 posse-

261 925 388 973 disti.
466 939 678 988 namque
715 941 885 974 omnes
926 927 1119 975 numeri
1152 927 1283 974 intra
1319 926 1554 976 decadem
1603 930 1744 992 positi
1779 935 1865 978 aut
1889 939 1929 970 10

260 996 467 1058 gignunt
504 994 625 1044 alios
665 994 870 1061 aliisque
904 998 1172 1060 gignuntur
1208 1003 1290 1045 aut
1324 1005 1674 1059 procreantur:
1713 999 1866 1049 hexas

262 1072 395 1114 octas
433 1071 733 1128 generantur
769 1073 956 1116 tantum
986 1067 1156 1127 modo,
1196 1072 1344 1115 tetras
1380 1073 1543 1116 autem
1578 1076 1624 1117 et
1659 1077 1793 1118 creat
1819 1075 1868 1118 et

262 1142 485 1192 creatur,
530 1141 577 1185 at
612 1136 784 1199 heptas
813 1136 1024 1203 [autem]
1056 1137 1186 1200 quod
1226 1136 1343 1185 nihil
1371 1139 1525 1201 gignit
1563 1154 1620 1187 eo
1647 1153 1737 1203 par
1765 1140 1864 1188 uir-

261 1207 360 1270 gini
403 1207 707 1269 perhibetur,
746 1210 831 1256 sed
872 1210 1002 1273 quod
1040 1206 1171 1256 nullo
1209 1209 1449 1264 nascitur,
1492 1208 1607 1258 hinc
1642 1209 1864 1259 Minerua

262 1283 361 1334 est,
408 1284 455 1325 et
481 1278 611 1342 quod
641 1293 699 1327 ex
739 1280 957 1328 numeris
988 1285 1084 1326 tam
1122 1277 1405 1327 masculinis
1434 1294 1580 1343 quam
1620 1279 1866 1328 femininis
1889 1288 1930 1321 15

262 1353 476 1404 constet,
514 1347 670 1397 Pallas
706 1349 877 1411 uirago
918 1355 993 1397 est
1040 1347 1299 1412 appellata.
1379 1364 1490 1397 nam
1527 1365 1583 1398 ex
1622 1349 1780 1399 tribus
1819 1354 1868 1399 et

262 1423 493 1480 quattuor
527 1424 714 1481 septem
744 1419 887 1474 fiunt,
928 1420 1008 1482 qui
1046 1433 1280 1467 numerus
1308 1418 1515 1467 formam
1552 1418 1695 1469 lunae
1732 1435 1866 1468 com·

264 1487 513 1551 plectitur:
573 1503 684 1536 nam
737 1490 895 1552 primo
941 1495 1014 1538 est
1065 1488 1365 1537 corniculata
1417 1503 1562 1551 quam
1612 1490 1865 1552 μηνοειδῆ

106 1566 242 1608 2426
264 1557 439 1607 Graeci
465 1567 667 1615 uocant,
699 1559 877 1609 deinde
906 1558 1169 1608 medilunia
1197 1573 1343 1621 quam
1381 1556 1649 1621 διάτομον,
1688 1559 1866 1614 dehinc

263 1627 513 1677 dimidiato
541 1630 695 1677 maior
718 1645 842 1694 quae
870 1630 1048 1678 dicitur
1076 1626 1414 1693 ἀμφίκυρτος,
1444 1645 1555 1678 mox
1577 1628 1722 1693 plena
1741 1645 1865 1694 quae
1887 1641 1928 1672 20

262 1699 439 1747 dicitur
464 1698 877 1763 πληροεέληνοε.
941 1701 1058 1748 item
1087 1705 1185 1748 tres
1220 1699 1404 1748 formas
1439 1700 1715 1763 praedictas
1750 1700 1867 1749 defi·
1935 1726 1954 1749 v

264 1771 398 1818 ciens
425 1773 619 1832 repetit.
696 1770 775 1820 hic
801 1785 1039 1820 numerus
1067 1769 1209 1819 lunae
1237 1784 1435 1823 cursum
1463 1770 1724 1833 significat:
1753 1785 1867 1820 nam

265 1854 418 1889 unum
446 1840 542 1890 duo
570 1842 662 1889 tria
690 1848 920 1904 quattuor
948 1842 1164 1906 quinque
1200 1855 1286 1889 sex
1321 1846 1509 1903 septem
1548 1841 1729 1903 uiginti
1756 1846 1868 1889 octo
1891 1906 1894 1907 ⁷

265 1909 463 1959 faciunt.
540 1912 655 1960 item
682 1917 871 1975 septem
898 1916 1012 1962 sunt
1038 1910 1209 1960 circuli
1238 1916 1284 1960 et
1309 1915 1382 1959 tot
1416 1909 1641 1974 planetae
1667 1916 1739 1960 tot
1764 1910 1869 1960 dies
1892 1951 1897 1957 .
1937 1936 1947 1938 ’ν

378 2081 404 2119 2
435 2086 477 2119 et
505 2082 530 2120 3
563 2079 777 2133 synfonia
798 2080 840 2118 B
872 2080 1103 2133 symfonia
1134 2081 1157 2120 b
1207 2077 1225 2134 ΙΙ
1274 2082 1299 2120 2
1334 2080 1541 2121 emiolios
1562 2080 1604 2118 B
1652 2076 1670 2134 ΙΙ
1719 2082 1744 2121 3
1777 2079 1870 2120 sin·

265 2134 437 2187 phonia
457 2135 495 2176 R
533 2132 551 2188 ΙΙ
590 2138 618 2176 4
649 2137 883 2176 armoniae
904 2137 985 2177 BR
1025 2133 1043 2189 ΙΙ
1082 2140 1277 2188 materp
1309 2138 1455 2178 maior
1480 2136 1559 2177 BR
1597 2133 1616 2189 Η
1645 2138 1671 2176 6
1701 2136 1871 2189 uiginti

267 2194 483 2242 quattuor
512 2192 712 2244 Koppius
749 2192 847 2232 uies
881 2195 1069 2244 quartus
1100 2192 1142 2230 B
1178 2192 1310 2245 uiges
1343 2193 1517 2245 quartis
1549 2192 1571 2231 b
1614 2193 1714 2233 uies
1737 2194 1869 2243 quat-

266 2250 340 2287 tus
362 2247 400 2288 R
436 2248 536 2289 uies
569 2248 743 2300 quartis
773 2262 798 2288 r
836 2246 854 2302 ΙΙ
895 2251 918 2289 7
951 2249 1028 2301 qui
1048 2246 1147 2288 B¹R
1195 2245 1234 2301 ΙΙ
1261 2250 1286 2289 8
1318 2255 1483 2288 natura
1513 2246 1614 2287 B¹R
1661 2245 1680 2302 Η
1729 2260 1871 2301 opera.

267 2303 307 2342 D
359 2316 497 2356 opere
531 2303 612 2345 BR
661 2301 679 2357 ΙΙ
730 2305 1020 2346 conformans
1052 2305 1075 2344 b
1124 2301 1143 2356 ΙΙ
1193 2306 1244 2346 10
1284 2317 1388 2344 nam
1421 2303 1542 2356 quod
1571 2301 1672 2344 B¹R
1726 2300 1746 2356 ΙΙ
1798 2303 1869 2343 in-

266 2359 381 2399 terb
430 2356 449 2414 Η
501 2361 550 2400 11
591 2366 671 2401 aut
701 2367 798 2401 ante
829 2362 1082 2415 gignuntur
1112 2361 1213 2401 add.
1243 2358 1299 2399 B¹
1341 2357 1360 2414 [Ι
1401 2373 1511 2400 exas
1536 2359 1616 2400 BR
1661 2356 1682 2412 l[
1729 2361 1780 2399 13
1813 2358 1873 2399 ad

265 2413 367 2456 B¹R
415 2413 434 2470 ΙΙ
485 2420 617 2469 eptas
647 2417 728 2458 BR
776 2414 795 2470 Η
846 2422 998 2458 autem
1028 2430 1156 2469 om.p
1207 2413 1225 2470 [Ι
1274 2414 1399 2457 nnR
1447 2414 1465 2470 ΙΙ
1515 2429 1567 2456 eo
1599 2428 1681 2468 per
1709 2418 1752 2458 in
1781 2429 1871 2458 ras.

266 2470 309 2509 B
356 2469 376 2526 ΙΙ
424 2473 556 2526 uirgo
587 2474 610 2513 b
673 2470 691 2527 ΙΙ
757 2476 810 2514 14
840 2488 867 2515 a
889 2481 987 2515 ante
1018 2473 1146 2514 nullo
1177 2474 1278 2513 add.
1303 2488 1335 2526 p
1383 2469 1404 2526 {l
1466 2472 1591 2513 nullo
1622 2486 1700 2515 om.
1730 2470 1787 2514 R¹
1833 2468 1854 2524 ΙΙ

266 2527 376 2568 hine
397 2529 606 2582 Koppius.
626 2529 702 2570 hie
731 2529 813 2571 BR
851 2528 870 2584 ΙΙ
915 2532 966 2571 17
998 2531 1146 2572 forma
1167 2530 1204 2570 R
1243 2526 1262 2583 Η
1302 2531 1354 2571 18
1382 2529 1637 2569 menoidem
1664 2528 1746 2570 BR
1774 2541 1871 2569 mo-

268 2583 449 2625 noidem
481 2587 505 2626 h
574 2582 592 2638 Η
663 2586 979 2638 19⁶diat0mon
1010 2587 1033 2627 b
1080 2586 1340 2627 dicotomon
1369 2585 1451 2626 BR
1501 2583 1872 2626 diatomenoiden

268 2653 293 2678 r
350 2637 369 2693 Η
423 2643 478 2684 20
509 2643 656 2682 maior
685 2644 728 2682 in
755 2656 845 2686 νας.
876 2646 919 2683 in
939 2642 981 2681 B
1034 2639 1053 2696 ΙΙ
1112 2642 1360 2683 amficirtos
1380 2641 1422 2680 B
1460 2641 1724 2694 amfycirtos
1754 2641 1792 2681 R
1832 2636 1853 2694 [Ι

268 2697 321 2735 21
354 2695 656 2748 pleroselinos
686 2698 729 2738 B
767 2699 1084 2751 plerosolenos
1113 2699 1151 2739 R
1188 2697 1489 2751 plerosilenos
1518 2697 1541 2737 b
1590 2693 1610 2750 ΙΙ
1656 2698 1709 2736 22
1740 2696 1871 2736 lumi·
1954 2748 1957 2749 ⁷

268 2763 356 2792 nae
385 2767 500 2795 corr.
522 2756 566 2795 in
596 2754 751 2795 lumen
771 2754 852 2796 BR
888 2754 1028 2795 lunae
1061 2756 1162 2796 add.
1194 2755 1217 2795 b
1257 2751 1276 2808 Η
1325 2766 1481 2794 cursus
1513 2758 1610 2792 ante
1641 2751 1875 2806 significat

268 2819 348 2903 οἰκ.
366 2808 582 2920 ἒέἰὴιιίἡί.
609 2807 654 2851 D
702 2808 722 2865 Η
770 2813 826 2852 24
856 2810 969 2852 fiunt
989 2809 1044 2873 Rl
1093 2809 1113 2865 ss
1161 2810 1328 2864 planae
1350 2811 1388 2851 R
1417 2808 1606 2862 planate
1635 2822 1684 2854 r‚·
1720 2810 1873 2850 deinde

266 2873 293 2901 e
337 2877 364 2904 α
429 2895 436 2905 .
