1982 3230
0 0 2 27 Ι

8 0 142 229 ἴ
417 90 708 134 CAESARIS
740 90 1083 134 GERMANICI
1111 91 1352 133 ARATEA
1583 89 1690 143 395

17 222 167 335 {tem
195 234 513 286 nutriendum
531 233 764 284 Themidi
790 240 837 283 et
856 232 1141 284 Amaltheae
1161 233 1362 284 Themis
1385 231 1677 300 [amalthea]
1712 242 1769 280 54
1802 239 1843 279 Β

22 343 42 377 4
70 323 183 359 eum
210 305 426 356 tradidit.
467 304 591 354 haec
618 301 710 354 fuit
737 305 935 354 domina
964 319 1158 368 caprae.
1200 319 1327 368 quae
1354 320 1412 354 ex
1442 320 1496 354 ea
1516 304 1688 354 Iouem

70 377 294 428 nutriuit.
370 390 476 426 esse
512 381 675 424 autem
714 374 843 424 hanc
888 374 1127 438 capellam
1165 374 1295 425 Solis
1332 374 1510 431 filiam,
1549 376 1690 424 cuius

27 448 43 506 J.
70 452 298 514 aspectus
325 451 422 495 tam
451 451 592 494 atrox
620 446 772 495 fuisse
798 446 992 502 dicitur,
1021 452 1075 494 ut
1093 446 1299 495 Titanes
1322 461 1429 495 eam
1457 448 1691 495 timerent

22 528 48 565 ⁸
70 523 400 583 rogarentque
422 523 631 565 matrem
654 516 858 565 Terram
879 522 934 565 ut
954 531 1060 565 eam
1088 515 1308 566 abderet.
1346 516 1503 565 Terra
1526 522 1690 566 autem

38 590 119 639 =in
156 594 297 638 antro
336 586 552 636 clausam
580 585 864 636 Amaltheae
903 586 1102 636 tradidit
1141 586 1531 636 custodiendam.
1596 586 1687 635 ibi-

17 645 25 686 l
70 674 166 724 que
192 658 361 707 Iouem
395 657 634 707 infantem
663 672 774 706 cum
804 656 1063 706 Curetibus
1090 657 1395 706 Amaltheam
1434 657 1686 706 educasse.

70 731 155 796 qui
191 743 303 778 cum
341 734 470 777 esset
513 728 708 777 iuuenis
754 733 801 777 et
836 734 1008 776 contra
1044 727 1241 777 Titanas
1288 728 1494 776 inermis
1540 726 1692 776 uellet

18 861 28 868 ς
68 812 307 864 pugnare,
337 801 442 848 eius
463 797 642 862 pellem
666 798 846 847 dicitur
867 804 1132 862 arreptam,
1161 814 1252 862 pro
1278 804 1419 847 scuto
1448 813 1590 847 usum
1615 813 1689 854 ea,

0 882 50 930 ιῳ
70 870 200 936 quod
230 884 426 933 semper
453 868 652 918 Titanas
678 870 888 932 agitator
915 870 1081 917 timori
1108 870 1256 918 fuerit
1293 876 1341 917 et
1367 884 1465 933 quo
1494 867 1691 917 diceba·

19 944 34 987 ,τ’
68 947 150 991 tur
175 940 335 988 media
362 945 502 1003 parte
530 939 847 1002 Gorgoneum
876 937 1036 1003 capud
1064 939 1265 988 habere.
1320 955 1377 988 eo
1406 945 1540 988 tutus
1567 940 1692 1002 tegi-

34 1018 235 1061 'mento
274 1009 400 1058 illius
436 1023 614 1072 caprae
660 1016 794 1074 terga
835 1009 926 1059 alia
967 1010 1095 1072 pelle
1144 1016 1273 1059 tecta
1309 1011 1524 1059 restituit
1561 1010 1692 1059 uitae

75 1087 122 1131 et
161 1079 513 1129 inmortalitate
550 1080 751 1129 donauit
786 1079 1022 1144 caeloque
1059 1088 1106 1130 et
1132 1082 1276 1129 astris
1311 1080 1489 1130 intulit.
1545 1081 1691 1129 etiam

19 1181 22 1185 Δ
69 1150 346 1215 Aegiochus
373 1149 648 1215 appellatur
674 1151 722 1199 id
750 1157 887 1199 notat
913 1152 1205 1214 agitatorem
1234 1169 1296 1199 ιιι*
1313 1170 1374 1200 201*
1391 1171 1414 1201 ποι
1441 1149 1693 1216 Myrtilum

0 1224 50 1274 [δῦ
71 1222 302 1272 Mercurii
327 1221 479 1270 filium
509 1221 747 1270 Oenomai
783 1223 1003 1285 aurigam
1033 1237 1058 1270 a
1088 1229 1229 1283 patre
1256 1223 1401 1271 astris
1427 1220 1693 1287 inlatum.)

17 1304 19 1306 ’
70 1292 220 1342 habet
266 1289 428 1340 stellas
475 1291 578 1340 VllI
626 1307 684 1340 ex
734 1292 802 1340 eis
848 1306 973 1356 quae
1019 1292 1219 1341 CAPRA
1266 1292 1444 1341 dicitur
1492 1290 1629 1340 stella
1674 1290 1693 1338 Ι

69 1364 119 1412 in
146 1363 343 1412 sinistro
379 1376 507 1424 genu
543 1362 648 1410 eius
674 1361 836 1418 clara,
875 1364 960 1425 qui
994 1362 1184 1411 HAEDI
1220 1362 1454 1421 dicuntur
1487 1363 1539 1410 in
1575 1363 1693 1409 sini·
1721 1400 1723 1402 .

27 1433 30 1435 ’
67 1439 168 1482 stra
191 1447 338 1482 manu
359 1433 462 1480 eius
479 1433 600 1481 sitae
623 1430 791 1482 stellae
812 1439 927 1481 sunt
946 1431 1005 1481 ΙΙ.
1037 1434 1259 1496 Agitator
1279 1432 1447 1483 stellas
1468 1431 1617 1481 habet
1639 1433 1692 1487 V,

70 1518 217 1569 capra
231 1503 264 1558 1,
295 1502 438 1552 haedi
451 1502 517 1552 Π.
546 1502 669 1551 fiunt
688 1501 856 1552 stellae
869 1502 991 1552 v111.
1014 1502 1200 1567 <habet
1222 1503 1387 1553 stellas
1410 1505 1458 1552 in
1479 1505 1638 1567 capite
1655 1503 1691 1558 l,

0 1585 50 1621 nto
72 1575 120 1623 in
155 1572 361 1637 singulis
398 1574 584 1621 umeris
611 1572 827 1636 singulas
853 1574 1056 1623 sinister
1084 1573 1264 1623 clarior
1300 1575 1383 1638 qui
1420 1573 1695 1639 appellatur

72 1659 266 1709 caprae.
319 1645 368 1691 in
404 1642 611 1706 singulis
647 1642 856 1706 genibus
891 1644 1135 1706 singulas,
1174 1645 1224 1692 in
1252 1659 1401 1693 manu
1428 1643 1598 1693 ultima
1625 1644 1685 1699 ΙΙ,
1718 1653 1775 1691 55
1805 1649 1847 1688 Β

72 1716 187 1764 item
214 1715 264 1763 in
290 1715 484 1763 sinistra
513 1713 663 1770 duae,
691 1713 742 1761 hi
769 1719 1013 1764 uocantur
1039 1714 1194 1764 Haedi
1221 1730 1411 1764 summa
1440 1714 1626 1780 V1111.>

214 1786 426 1847 Aurigae
453 1782 684 1850 pedibus]
715 1801 763 1834 u.
797 1791 889 1832 173

213 1855 356 1904 Hunc
376 1854 598 1919 Iuppiter
619 1854 847 1918 Neptuno
875 1854 1020 1903 fratri
1045 1870 1136 1920 per
1163 1857 1370 1919 gratiam
1398 1856 1579 1905 dicitur
1606 1855 1695 1904 ob-

0 1937 52 1991 itu}
75 1926 337 1976 duxissse..
364 1925 447 1988 qui
483 1926 692 1988 figuram
728 1926 883 1981 tauri,
923 1940 1122 1976 sensum
1160 1927 1431 1976 humanum
1470 1926 1693 1983 haberet,

189 2126 211 2162 1
244 2123 530 2164 nutriendem
562 2121 613 2166 12¹
642 2120 661 2177 Η
693 2123 958 2164 amaltheae
992 2138 1094 2164 eum
1125 2124 1167 2163 B
1193 2121 1213 2177 ΙΙ
1239 2126 1267 2164 4
1298 2137 1402 2165 esse
1434 2126 1476 2165 P
1501 2121 1519 2178 ΙΙ
1549 2125 1574 2165 5
1607 2128 1697 2165 ter-

73 2192 154 2220 rae
184 2183 236 2218 ut
267 2181 315 2219 in
345 2180 387 2219 B
413 2176 433 2233 H
470 2182 495 2221 6
528 2180 771 2220 amatheae
806 2180 839 2220 C
874 2176 894 2233 ΙΙ
935 2183 958 2221 7
992 2194 1093 2221 cum
1126 2180 1370 2222 Curetibus
1401 2181 1697 2221 Amaltheam

71 2237 228 2288 scripsi
257 2236 579 2277 curematheae
602 2237 643 2276 P
671 2248 781 2276 cura
804 2237 1046 2277 ematheae
1069 2238 1110 2276 B
1143 2250 1246 2277 cum
1269 2250 1381 2278 cura
1405 2237 1699 2278 Amaltheam

79 2293 125 2332 V
146 2289 165 2346 [Ι
193 2293 220 2333 8
250 2295 437 2345 tytanas
468 2294 509 2332 P
531 2289 553 2346 ll
580 2294 605 2333 9
643 2306 850 2346 pugnare
881 2290 978 2347 P11}
1010 2297 1193 2346 arrepto
1226 2294 1268 2332 P
1295 2296 1530 2346 arreptam
1555 2307 1587 2345 p
1622 2305 1699 2333 ac-

76 2351 260 2401 ceptam
290 2349 325 2388 B
365 2346 384 2402 [l
426 2351 477 2389 10
508 2350 660 2388 titana
693 2349 941 2402 sagittator
970 2349 1012 2388 B
1051 2346 1070 2403 [l
1112 2351 1162 2389 12
1194 2349 1321 2389 illius
1351 2351 1512 2402 scripsi
1543 2349 1698 2401 alique

76 2405 116 2443 P
144 2404 354 2457 aliusque
385 2404 428 2444 B
455 2401 476 2457 Η
504 2405 585 2444 alii
615 2401 691 2455 ΡΗ
713 2404 900 2457 pellerB
930 2410 1062 2458 parte
1088 2406 1126 2444 P
1150 2402 1170 2459 {l
1200 2407 1252 2446 13
1286 2408 1332 2445 et
1361 2405 1698 2446 inmortalitate

72 2462 231 2512 scripsi
260 2473 318 2501 ex
350 2460 442 2501 Cat.
478 2460 621 2500 etiam
650 2461 936 2501 mortalitate
970 2462 1004 2501 C
1050 2458 1068 2515 ΙΙ
1120 2466 1165 2501 et
1195 2474 1272 2502 om.
1310 2459 1379 2515 Ol}
1410 2462 1550 2502 etiam
1582 2462 1623 2501 P
1654 2465 1701 2501 et

75 2516 247 2557 eius-B
297 2513 315 2568 11
368 2518 420 2556 14
451 2516 642 2556 aiochus
676 2516 709 2556 C
747 2513 765 2569 Η
807 2517 1061 2569 apallatari
1094 2516 1362 2570 (apallaturi
1390 2517 1447 2571 p)
1490 2518 1537 2558 id
1565 2517 1615 2558 fit
1644 2519 1698 2568 P,

74 2572 345 2625 apallaturii
384 2571 542 2612 dicunt
582 2573 860 2625 agitatorem
891 2573 933 2612 B
979 2570 1002 2628 Π
1052 2573 1158 2614 aliis
1189 2574 1348 2627 placet
1377 2575 1480 2616 add.
1511 2576 1556 2615 V
1585 2571 1603 2628 Η
1648 2576 1699 2614 15

78 2630 287 2670 oenomai
320 2629 353 2668 C
379 2626 398 2682 Η
436 2629 487 2668 16
517 2628 662 2668 habet
693 2629 856 2669 stellas
888 2652 943 2658 ——
975 2631 1026 2670 19
1058 2629 1172 2670 fiunt
1204 2631 1373 2671 stellae
1404 2631 1517 2671 VIII
1550 2633 1700 2671 desunt

75 2685 120 2724 in
144 2685 303 2726 Catast.
336 2698 387 2726 ne
420 2699 469 2725 ue
501 2698 587 2725 cum
618 2687 679 2725 eis
711 2686 925 2738 quadrant
956 2699 1063 2739 quae
1092 2692 1292 2727 secuntur
1311 2684 1329 2740 [l
1353 2700 1470 2740 quae
1502 2702 1579 2727 om.
1604 2689 1646 2727 P

77 2742 128 2780 17
161 2740 266 2781 aedi
294 2740 349 2782 Ρ1
380 2699 413 2796 Ιῗ
428 2741 595 2781 dicitur
627 2740 682 2779 B¹
707 2738 800 2795 1118
831 2742 949 2782 sitae
979 2744 1139 2795 scripsi
1168 2744 1259 2783 sita
1290 2740 1436 2797 01119
1469 2743 1575 2784 aedi
1606 2744 1646 2783 P
1719 2780 1722 2785 .
1801 2772 1805 2775 »

76 2797 131 2836 20
160 2797 359 2838 humeris
390 2794 477 2852 ΡΠ
510 2799 560 2837 21
596 2810 700 2837 man
730 2811 813 2849 pro
845 2799 891 2838 in
923 2811 1061 2839 manu
1091 2799 1133 2838 B
1170 2796 1191 2853 ss
1229 2801 1282 2839 22
1315 2800 1402 2841 iter
1432 2798 1488 2840 P¹
1530 2798 1549 2854 Η
1587 2799 1701 2841 τοὺς

76 2850 259 2894 πάντα(
291 2847 334 2906 η’
370 2854 532 2894 Catast.
583 2851 602 2907 [Ι
651 2855 706 2894 24
738 2854 884 2896 frater
914 2855 948 2895 C
978 2868 1093 2897 corr.
1124 2857 1165 2896 in
1198 2868 1349 2910 apogr.
1383 2857 1535 2898 Heius.
1584 2853 1609 2911 ss
