1982 3230
170 584 255 623 486

175 1007 258 1046 487

176 1709 260 1750 488

289 154 391 206 160
766 154 1068 196 MARTIANI
1099 154 1420 206 CAPELLAE

287 297 549 363 praecipue
570 293 779 350 Siciliae,
798 294 1021 344 iudices’.
1061 295 1194 346 hunc
1219 295 1381 346 locum
1409 297 1488 347 ille
1516 313 1540 347 a
1568 305 1670 347 toto
1694 299 1894 349 uidetur

285 367 480 416 imitari.
555 364 640 414 sed
667 365 875 414 interest
900 364 1018 414 illud
1045 366 1179 430 quod
1204 368 1254 416 in
1280 367 1361 417 illo
1390 368 1696 427 definitione„
1724 369 1803 419 hic
1829 369 1890 419 ab

287 439 391 500 ipsa
418 436 608 484 ratione
635 450 728 498 qua
768 450 922 499 genus
949 442 1024 484 est
1057 445 1343 500 argumenta
1371 438 1644 496 ducuntur,
1685 446 1734 488 et
1759 439 1893 505 quod

286 510 335 556 in
361 520 546 569 genere
581 512 737 555 totum
766 504 902 571 est,>
927 507 1056 570 quod
1096 514 1252 556 totum
1291 508 1529 559 diuisione
1554 510 1708 574 perit,
1737 525 1892 574 genus

289 587 455 627 manet
499 578 642 626 etiam
693 577 917 641 partibus
962 577 1291 628 distributum.
1366 590 1444 628 AB
1489 591 1691 630 SPECIE
1739 580 1819 629 uel
1854 591 1893 629 A
1935 590 1958 624 5

285 659 487 698 FORMA
540 647 736 696 ducitur
781 655 1151 711 argumentum,
1202 655 1254 698 ut
1297 649 1442 699 fidem
1488 649 1706 713 generali
1751 651 1895 700 faciat

288 719 562 783 quaestioni
585 724 636 766 ut
665 718 836 767 Cicero
861 720 912 766 in
940 717 1222 784 Philippicis
1249 723 1393 781 ‘quid
1416 727 1518 770 tam
1538 723 1755 783 proprie
1770 723 1894 771 Cae-

286 793 420 840 saris
446 796 612 838 actum
641 796 715 838 est
742 803 888 851 quam
914 788 1043 838 lex?'
1106 796 1269 838 actum
1298 792 1425 839 enim
1454 806 1611 854 genus
1637 798 1733 847 est,
1762 791 1896 855 quod

290 859 349 909 ab
395 861 560 924 specie
594 859 642 907 id
690 866 763 908 est
803 858 912 922 lege
955 859 1050 909 lata
1086 876 1111 908 a
1150 860 1357 909 Caesare
1402 861 1762 925 conprobatum
1805 868 1893 910 est.

291 930 422 994 quod
458 930 574 978 item
621 930 880 978 confirmat
915 945 941 977 a
976 930 1219 980 similibus·
1260 934 1471 994 ‘quaere
1515 939 1619 980 acta
1665 931 1890 988 Gracchi,
1917 942 1959 974 10

291 1000 427 1063 leges
454 999 776 1062 Semproniae
803 999 1137 1064 proferentur.
1185 1016 1368 1064 quaere
1395 1001 1575 1060 Sullae,
1604 1000 1893 1052 Corneliae'.

290 1087 315 1120 a
352 1069 499 1118 simili
535 1085 625 1134 per
660 1085 713 1118 se
752 1078 807 1119 ut
851 1073 933 1118 ‘ut
964 1069 1149 1119 Helena
1189 1071 1414 1120 Troianis
1449 1073 1518 1121 sic
1555 1072 1746 1122 ciuibus
1781 1071 1897 1121 belli

289 1156 460 1191 semen
494 1147 548 1189 tu
583 1140 759 1189 fuisti'.
834 1140 951 1189 item
988 1144 1071 1189 ‘ut
1105 1157 1253 1205 saepe
1289 1141 1515 1191 homines
1549 1145 1686 1205 aegri
1720 1141 1896 1191 morbo

289 1213 431 1275 graui
458 1226 571 1260 cum
598 1216 734 1260 aestu
761 1209 989 1274 febrique
1015 1213 1284 1260 iactantur’
1312 1219 1360 1260 et
1386 1219 1565 1261 cetera.
1618 1212 1730 1261 huic
1757 1213 1897 1261 dissi-

289 1281 510 1330 militudo
556 1282 800 1330 contraria
847 1288 943 1338 est,
992 1296 1118 1345 quae
1154 1298 1180 1330 a
1219 1281 1455 1331 Cicerone
1501 1293 1897 1332 DIFFERENTIA
1919 1289 1967 1321 15·

289 1353 587 1401 nominatur.
666 1366 791 1414 quae
841 1367 923 1400 res
966 1353 1096 1401 inter
1141 1368 1193 1401 se
1246 1353 1467 1402 diuersas
1517 1367 1614 1401 non
1666 1354 1900 1402 aduersas

291 1422 528 1479 ostendit,
558 1422 696 1470 cuius
723 1423 895 1472 Cicero
923 1423 1061 1485 ponit
1088 1422 1365 1486 exemplum
1393 1424 1443 1471 in
1470 1423 1677 1472 Verrem
1714 1423 1820 1473 ‘sed
1845 1429 1898 1471 tu

288 1493 418 1542 idem
446 1493 622 1541 fecisse
659 1494 756 1541 eris
783 1492 1156 1550 existimanduS,
1195 1494 1236 1541 si
1263 1493 1435 1541 eodem
1472 1493 1677 1541 consilio
1705 1493 1896 1542 fecisti'.

290 1563 386 1612 hoc
414 1570 463 1612 et
487 1564 536 1611 in
563 1565 791 1625 personis
818 1563 1094 1611 ostenditur
1123 1570 1171 1611 et
1195 1563 1246 1610 in
1273 1563 1424 1612 rebus
1451 1572 1498 1611 et
1523 1564 1572 1611 in
1601 1570 1825 1628 tempore
1852 1569 1899 1611 et

290 1635 340 1682 in
377 1633 499 1682 locis
535 1640 582 1682 et
616 1633 746 1689 aliis,
777 1647 901 1697 quae
936 1647 1068 1681 nunc
1105 1648 1384 1682 memorare
1418 1632 1759 1695 longissimum
1808 1640 1896 1683 est.
1920 1638 1962 1669 20

291 1719 316 1752 a
344 1714 678 1754 CONTRARIO
715 1709 770 1752 ut
794 1703 893 1751 uita
931 1708 979 1752 et
1010 1718 1169 1759 morS,
1207 1701 1245 1768 †
1271 1718 1395 1767 quae
1423 1718 1482 1752 ex
1508 1703 1687 1768 quibus
1712 1703 1899 1754 Teren-

290 1774 388 1823 tius
414 1775 485 1823 sic

433 1848 563 1893 ‘nam
592 1845 634 1892 si
658 1843 795 1893 illum
823 1843 1057 1907 obiurges
1084 1844 1211 1892 uitae
1239 1844 1323 1907 qui
1350 1843 1582 1892 auxilium
1608 1843 1731 1901 tulit,

434 1915 549 1979 quid
578 1915 727 1964 facies
752 1913 836 1970 illi,
865 1915 949 1978 qui
976 1913 1167 1963 dederit
1193 1913 1423 1963 damnum
1453 1921 1534 1963 aut
1560 1912 1804 1963 malum‘3’

406 2058 430 2096 7
471 2061 519 2096 et
548 2058 600 2097 ιο
630 2055 748 2096 Phil.
777 2056 801 2095 1
829 2056 853 2104 g
886 2055 937 2094 18
986 2051 1006 2108 ῃ
1057 2056 1108 2094 12
1138 2055 1258 2097 Phil.
1288 2054 1334 2095 11
1363 2055 1387 2104 §
1416 2056 1470 2096 55
1518 2051 1538 2108 Η
1588 2056 1640 2095 13
1678 2054 1726 2094 in
1754 2052 1856 2095 cat.
1879 2055 1903 2094 1

292 2113 317 2162 ἓ
347 2113 398 2153 31
446 2109 468 2165 Η
526 2115 578 2153 15
617 2113 731 2163 Top.
762 2111 809 2151 ΙΙ
837 2112 892 2151 46
959 2107 978 2163 Η
1050 2113 1100 2151 17
1145 2111 1392 2151 secundum
1421 2112 1551 2152 Verr.
1582 2111 1651 2150 111
1680 2111 1705 2160 ξ
1734 2112 1818 2151 214
1864 2107 1883 2163 ΙΙ

219 2217 222 2220 ⁴
293 2171 348 2209 23
378 2168 516 2208 Andr.
546 2170 569 2209 Ι
601 2171 641 2220 1,
676 2168 756 2207 115

409 2312 432 2349 7
468 2308 802 2362 quid—actum
825 2308 925 2347 add.
950 2308 1142 2347 Halmius
1179 2303 1199 2360 [Ι
1238 2307 1263 2346 8
1296 2310 1364 2347 est
1387 2320 1521 2359 quam
1542 2307 1617 2348 lex
1638 2307 1720 2347 BR
1752 2307 1900 2348 Cicero

295 2365 422 2406 habet
462 2364 626 2417 ecquid
666 2368 737 2404 est
769 2362 887 2414 quod
925 2367 1018 2402 tam
1057 2364 1242 2415 proprie
1273 2363 1367 2403 dici
1405 2364 1554 2415 possit
1593 2367 1747 2403 actum
1786 2364 1899 2413 eius,

297 2423 375 2475 qui
405 2425 591 2474 togatus
622 2421 669 2460 in
700 2433 748 2459 re
781 2419 968 2472 publica
991 2431 1090 2458 cum
1113 2422 1344 2471 potestate
1375 2419 1658 2472 imperioque
1690 2423 1901 2459 uersatus

296 2479 358 2519 sit
390 2491 525 2530 quam
554 2477 658 2517 lex?
697 2473 717 2530 I}
758 2478 807 2515 11
840 2475 1197 2528 proferunturB
1245 2472 1262 2526 ΙΙ
1312 2475 1457 2528 syllae
1483 2475 1562 2515 BR
1599 2472 1619 2529 Η
1660 2477 1712 2515 12
1740 2488 1823 2528 per
1852 2487 1900 2515 se

296 2534 421 2576 om.b
469 2532 488 2587 11
536 2538 587 2573 ut
617 2534 718 2573 add.
751 2533 944 2572 Halmius
992 2528 1010 2585 [l
1060 2530 1195 2572 elena
1222 2531 1304 2572 BR
1351 2528 1371 2586 Η
1422 2533 1474 2572 13
1506 2535 1759 2571 sementum
1800 2531 1901 2583 (pro

297 2604 333 2631 s.
356 2589 425 2640 tu)
458 2591 496 2630 R
543 2586 563 2643 Η
613 2591 665 2630 19
698 2589 784 2629 hoc
817 2592 862 2628 et
891 2588 1099 2641 personis
1129 2586 1189 2627 B¹
1239 2584 1258 2641 {J
1305 2590 1357 2628 21
1388 2591 1440 2628 ut
1459 2601 1538 2627 0712.
1559 2587 1642 2628 BR
1661 2589 1763 2630 add.
1785 2588 1825 2626 D
1864 2585 1883 2640 Η

297 2647 425 2686 uitae
456 2659 577 2686 mors
597 2646 636 2686 R
673 2642 693 2698 Η
742 2651 860 2695 quae
894 2658 949 2684 ex
981 2644 1143 2696 quibus
1173 2644 1422 2684 terrentius
1442 2643 1525 2684 BR
1556 2657 1611 2683 ex
1641 2643 1802 2695 quibus
1832 2645 1901 2682 te—

299 2703 476 2742 rentius
499 2702 544 2742 b:
585 2703 647 2742 ita
673 2702 886 2752 suppleuit
920 2701 1112 2740 Halmius
1149 2704 1200 2739 ut
1229 2700 1329 2740 uita
1361 2704 1406 2740 et
1435 2712 1553 2739 mors
1585 2698 1795 2751 aliaeque
1827 2710 1900 2738 res

299 2759 614 2811 discrepantes
645 2758 828 2797 sibimet
858 2759 1147 2809 opponantur
1193 2753 1212 2809 ΙΙ
1260 2758 1314 2796 22
1340 2762 1441 2808 post
1471 2756 1538 2795 sic
1568 2756 1670 2794 add.
1704 2755 1770 2794 ait
1799 2768 1824 2793 r
1860 2751 1882 2808 Η

300 2817 355 2854 23
387 2814 427 2853 si
450 2814 579 2854 illum
599 2813 641 2853 E
672 2814 712 2853 si
740 2816 791 2852 ut
811 2813 939 2852 illum
960 2812 1042 2853 BR
1080 2809 1100 2865 Η
1138 2814 1192 2852 24
1222 2812 1392 2852 malum
1423 2811 1572 2866 cicero
1593 2810 1674 2850 BR
1701 2811 1899 2851 malum?

302 2869 467 2911 Cicero
490 2871 537 2909 in
575 2870 713 2910 tertio
743 2868 1106 2921 Philippica-rum
1138 2871 1298 2909 contra
1328 2866 1572 2908 Antonium
1612 2880 1635 2907 e
1669 2867 1899 2908 contrario

302 2930 649 2977 argumentatur
678 2925 838 2965 dicens
867 2938 895 2976 p
935 2921 954 2978 ΙΙ
