1982 3230
0 0 205 120 F„

0 229 11 283 'f
43 243 193 292 finem
219 242 299 292 uel
327 243 512 292 initium
542 256 650 290 non
689 239 902 291 declinet
937 256 1049 290 cum
1076 241 1194 290 dicit
1228 241 1278 290 ‘o
1305 241 1541 290 miserum
1578 241 1660 290 cui

46 328 255 378 peccare
281 311 478 362 licebat'
505 318 553 362 et
578 312 627 360 in
646 310 951 360 Academicis
977 310 1150 360 ‘latent
1175 312 1264 360 ista
1291 312 1470 366 omnia,
1485 311 1656 367 Varro,

47 385 236 447 magnis
273 382 531 432 obscurata
568 388 616 431 et
651 380 946 430 circumfusa
986 380 1233 430 tenebris’
1270 387 1319 429 et
1353 381 1403 430 in
1440 380 1660 430 Verrinis

50 453 251 518 plenum
297 467 520 507 uersum,
559 466 655 501 una
693 450 892 514 quidem
940 449 1124 514 syllaba
1173 451 1425 507 mutilum,
1475 451 1660 501 fuderit

0 540 25 574 a
52 539 164 574 cum
192 523 307 573 dicit
340 522 472 572 ‘cum
499 521 733 586 loquerer
757 522 880 570 tanti
905 519 1051 570 fletus
1089 522 1398 585 gemitusque
1434 520 1658 570 fiebant'.

49 609 141 644 nec
183 594 331 643 finem
378 594 552 642 uitauit
587 591 790 655 elegiaci
835 606 948 640 cum
984 592 1050 639 ait
1095 591 1290 639 ‘oderat
1333 589 1416 640 ille
1462 590 1656 641 bonos'.

46 663 254 713 incurrit
297 663 441 711 etiam
492 663 540 711 in
590 660 986 726 hendecasyllabi
1042 660 1285 724 phalaecii
1340 659 1658 724 petulantiam

49 734 163 784 dum
192 733 308 782 dicit
332 733 589 783 ‘successit
626 732 712 781 tibi
739 731 920 781 Lucius
945 730 1208 780 Metellus'.
1284 730 1366 779 hic
1392 736 1557 780 tamen
1584 731 1660 779 uir

49 811 97 854 et
120 803 268 868 longo
296 819 447 867 opere
475 811 522 852 et
546 803 649 867 ipsa
676 802 750 851 sui
786 803 1039 851 maiestate
1066 801 1362 857 defenditur.
1441 806 1660 850 ceterum

0 892 28 926 ,ο
49 875 98 924 in
133 872 363 923 clausulis
405 874 776 925 uitiosissimum
823 872 1087 936 reperitur.
1165 870 1660 920 animaduertendum

50 952 211 994 autem
248 959 312 994 ne
348 941 462 993 cuni
510 942 879 993 similitudinem
917 940 1132 1006 uersus>
1170 942 1430 1004 effugimus
1478 941 1662 997 bonam

52 1013 315 1064 clausulam
342 1021 679 1069 transeamuS,
724 1019 777 1062 ut
802 1014 842 1062 si
867 1013 1041 1061 timeas
1068 1013 1235 1061 dicere
1276 1013 1660 1077 ‘strepitumque

51 1084 329 1149 plagarum'
359 1099 471 1134 cum
497 1083 595 1148 pla
631 1083 778 1146 longa
806 1084 867 1132 sit
894 1087 941 1131 et
965 1081 1147 1131 bonam
1175 1081 1444 1132 clausulam
1472 1082 1660 1131 fecerit.

714 100 901 143 LIBER
930 100 972 142 v
1031 108 1034 110 >
1558 97 1658 150 171

191 1182 452 1232 vitandum
475 1183 618 1231 etiam
643 1181 842 1247 [eodem
862 1179 998 1245 loco]
1023 1180 1377 1244 cacemphaton
1404 1180 1485 1229 uel
1511 1180 1664 1228 inter·
1695 1190 1779 1230 518

0 1269 32 1303 15
55 1254 298 1318 positione
336 1252 417 1302 uel
453 1253 834 1301 commutatione
870 1250 1157 1300 uerborum.
1233 1250 1496 1306 inhonesta
1533 1250 1665 1299 enim

45 1322 277 1388 ⁴exempla
322 1327 437 1372 sunt
473 1328 527 1371 ut
570 1323 753 1384 ‘arrige
790 1335 937 1370 aures
973 1318 1249 1383 Pamphile'
1299 1327 1355 1369 ut
1389 1326 1464 1369 est
1497 1322 1665 1384 ‘atque

54 1400 252 1458 ereptae
286 1393 493 1455 uirginis
527 1393 641 1442 ira’.
717 1393 765 1440 in
791 1391 868 1440 his
895 1392 1026 1440 enim
1063 1390 1304 1440 sordescit
1342 1391 1514 1439 oratio.
1591 1391 1664 1438 ui-

53 1463 186 1513 tandi
212 1463 356 1513 etiam
383 1463 534 1520 freni,
564 1464 649 1527 qui
675 1462 799 1511 fiunt
826 1478 880 1511 ex
920 1462 1206 1525 asperrimis
1231 1460 1406 1510 litteris
1431 1461 1483 1508 in
1511 1463 1665 1509 unum

56 1533 482 1590 concurrentibuS,
510 1540 564 1582 ut
591 1538 666 1583 est
692 1532 910 1582 Terentii
937 1533 986 1581 in
1012 1531 1205 1596 Hecyra

0 1621 33 1655 ιο
230 1619 320 1668 per
358 1603 441 1667 pol
480 1618 850 1667 quampaucos
888 1604 1110 1666 reperias
1148 1601 1498 1650 meretricibus

230 1673 388 1724 fidelis
427 1675 627 1723 euenire
667 1680 914 1723 amatores
953 1673 1088 1736 Syra.

56 1749 104 1794 et
129 1743 189 1794 ab
214 1744 370 1794 isdem
407 1743 582 1794 litteris
616 1744 901 1808 incipientia
926 1748 980 1791 ut
1006 1749 1078 1791 est
1112 1745 1230 1790 ‘non
1260 1742 1348 1790 suit
1382 1740 1512 1790 istud
1541 1740 1665 1790 iudi·

56 1815 184 1863 cium
223 1814 392 1863 iudicii
428 1814 586 1863 simile
620 1814 846 1862 iudices’.
921 1818 969 1861 et
993 1814 1043 1860 in
1080 1812 1252 1862 eadem
1289 1812 1587 1867 desinentia,
1616 1816 1670 1859 ut

55 1884 456 1933 ‘fortissimorum
493 1884 834 1947 proximorum
870 1882 1367 1944 fidelissimorumque
1402 1883 1670 1930 sociorum'
1693 1889 1823 1929 169&

2 1969 35 2003 25
58 1955 107 2003 in
134 1954 310 2003 eodem
337 1954 456 2003 uitio
483 1953 745 2003 habentur.
807 1955 922 2003 item
949 1954 1144 2016 penitus
1171 1951 1458 2014 fugiendum
1486 1951 1669 2000 breues

58 2023 268 2088 syllabas
294 2026 583 2073 continuare
610 2038 757 2089 quam
784 2022 953 2087 plures
979 2030 1031 2072 ut
1057 2029 1131 2072 est
1155 2021 1275 2071 illud
1304 2021 1479 2071 Sereni

305 2096 435 2157 perit
472 2093 574 2144 abit
611 2094 834 2157 auipedis
875 2091 1087 2143 animula
1126 2091 1326 2157 leporis,

170 2251 196 2290 2
227 2248 371 2290 Aead.
393 2249 440 2289 II
471 2250 494 2298 ἓ
519 2250 599 2289 122
646 2245 665 2302 ΙΙ
705 2251 731 2289 5
760 2248 891 2290 Verr.
913 2247 1008 2288 IIII
1029 2246 1053 2297 ἓ
1078 2248 1159 2287 110
1195 2242 1217 2300 Il
1264 2247 1291 2287 8
1324 2245 1421 2289 Cio.
1445 2247 1575 2287 Verr.
1599 2246 1672 2287 111

60 2306 84 2354 ἓ
113 2307 168 2346 43
215 2302 235 2359 {l
285 2307 336 2346 12
376 2305 505 2345 Verr.
537 2305 578 2344 V
608 2306 689 2344 162
736 2300 757 2358 Η
807 2305 859 2344 16
900 2304 1005 2344 Ter.
1034 2302 1175 2342 Andr.
1204 2303 1244 2342 V
1272 2305 1313 2354 4,
1345 2305 1415 2343 31.
1466 2300 1485 2354 Π
1533 2303 1670 2354 Verg.

61 2362 173 2404 Aen.
205 2361 253 2403 11
279 2363 363 2401 413
411 2358 431 2414 u
480 2363 534 2401 2ο
564 2360 586 2400 1
609 2362 648 2412 1,
674 2361 695 2400 1
746 2357 765 2414 ιι
813 2362 867 2400 22
891 2359 999 2403 cic.
1022 2372 1066 2412 p.
1091 2358 1271 2401 cluent.
1296 2360 1320 2408 ξ
1342 2360 1396 2398 96

174 2517 200 2557 3
231 2515 379 2568 magis
401 2514 486 2554 BD
522 2511 542 2567 [l
582 2516 610 2554 4
639 2512 819 2566 syllaba
835 2513 1079 2554 utillumB
1118 2509 1138 2566 Η
1177 2514 1202 2552 6
1245 2513 1446 2566 elegiaci
1478 2524 1578 2552 cum
1613 2512 1678 2551 ait

54 2569 258 2612 'Halmius
296 2570 421 2624 elegi
461 2571 581 2609 sicut
622 2571 689 2610 ait
720 2570 804 2610 BD
844 2569 942 2621 (sed
967 2569 1009 2609 B
1041 2568 1154 2620 aiu)
1198 2566 1217 2622 Η
1262 2571 1286 2610 7
1329 2567 1678 2620 endecasyllabi

62 2627 147 2668 BD
195 2624 215 2682 Ι]
261 2626 475 2667 falleucii
502 2626 544 2665 B
574 2625 772 2678 phaletii
800 2626 840 2665 D
893 2621 915 2677 ΙΙ
964 2627 989 2666 9
1028 2628 1285 2679 magestate
1317 2622 1378 2665 ,Βι
1427 2621 1448 2677 Η
1498 2625 1549 2663 12
1590 2635 1677 2675 que

65 2695 142 2726 om.
171 2681 231 2724 Β1
299 2680 308 2737 Ι
363 2683 416 2723 14
456 2682 614 2723 eodem
654 2681 757 2722 loeo
797 2682 936 2721 deleui
988 2677 1009 2734 11
1066 2682 1347 2722 cacenfaton
1375 2679 1417 2719 B
1458 2679 1677 2719 cacenfa-

66 2743 160 2780 tem
186 2738 226 2779 R
271 2735 280 2793 l
350 2740 402 2780 16
447 2737 694 2791 pamphyle
724 2738 761 2777 R
808 2733 828 2791 Η
878 2737 930 2776 18
976 2736 1262 2789 freniq3fiunt
1291 2734 1349 2775 B¹
1409 2732 1429 2788 ΙΙ
1485 2737 1537 2776 19
1567 2735 1677 2776 hae-

69 2807 179 2846 cyra
213 2794 255 2835 B
298 2795 490 2835 haecira
527 2795 565 2835 R
634 2791 652 2847 ΙΙ
718 2795 773 2834 20
817 2793 1057 2846 repperias
1088 2794 1125 2834 R
1182 2790 1200 2846 ΙΙ
1260 2793 1314 2832 21
1365 2790 1527 2832 fideles
1563 2790 1590 2831 b
1640 2787 1695 2845 11

67 2852 121 2891 22
166 2849 344 2892 hisdem
377 2850 462 2891 BR
530 2847 551 2904 ss
608 2851 747 2890 istum
781 2847 899 2890 B¹R¹
957 2845 978 2903 [Ι
1042 2851 1095 2890 27
1149 2848 1271 2901 perit
1317 2847 1417 2887 abit
1470 2846 1681 2900 auipedis
