<?xml version="1.0" encoding="UTF-8"?>
<!DOCTYPE html PUBLIC "-//W3C//DTD XHTML 1.0 Transitional//EN"
    "http://www.w3.org/TR/xhtml1/DTD/xhtml1-transitional.dtd">
<html xmlns="http://www.w3.org/1999/xhtml" xml:lang="en" lang="en">
 <head>
  <title>
</title>
<meta http-equiv="Content-Type" content="text/html;charset=utf-8" />
  <meta name='ocr-system' content='tesseract 3.04.00' />
  <meta name='ocr-capabilities' content='ocr_page ocr_carea ocr_par ocr_line ocrx_word'/>
</head>
<body>
  <div class='ocr_page' id='page_1' title='image "./martianvscapella00martuoft_0117.png"; bbox 0 0 1982 3230; ppageno 0'>
   <div class='ocr_carea' id='block_1_1' title="bbox 5 0 1709 194">
    <p class='ocr_par' dir='ltr' id='par_1_1' title="bbox 0 0 1709 194">
     <span class='ocr_line' id='line_1_1' title="bbox 5 0 1709 194; baseline -0.007 -28.035"><span class='ocrx_word' id='word_1_1' title='bbox 5 0 94 194; x_wconf 45' lang='grc' dir='ltr'><strong>μ</strong></span> <span class='ocrx_word' id='word_1_2' title='bbox 211 95 214 100; x_wconf 68' lang='grc'><strong>’</strong></span> <span class='ocrx_word' id='word_1_3' title='bbox 273 84 275 87; x_wconf 29' lang='lat'><em>⁴</em></span> <span class='ocrx_word' id='word_1_4' title='bbox 331 93 333 101; x_wconf 67' lang='grc'>’</span> <span class='ocrx_word' id='word_1_5' title='bbox 779 116 965 160; x_wconf 64' lang='lat' dir='ltr'>meme</span> <span class='ocrx_word' id='word_1_6' title='bbox 995 117 1043 160; x_wconf 91' lang='lat'>11</span> <span class='ocrx_word' id='word_1_7' title='bbox 1639 116 1709 170; x_wconf 87' lang='lat'>43</span> 
     </span>
    </p>
   </div>
   <div class='ocr_carea' id='block_1_2' title="bbox 15 258 1854 2517">
    <p class='ocr_par' dir='ltr' id='par_1_2' title="bbox 86 258 1823 541">
     <span class='ocr_line' id='line_1_2' title="bbox 101 258 1711 326; baseline -0.001 -14"><span class='ocrx_word' id='word_1_8' title='bbox 101 262 329 326; x_wconf 85' lang='lat' dir='ltr'>puriores</span> <span class='ocrx_word' id='word_1_9' title='bbox 356 274 448 310; x_wconf 85' lang='lat' dir='ltr'>nec</span> <span class='ocrx_word' id='word_1_10' title='bbox 474 259 737 309; x_wconf 84' lang='lat' dir='ltr'>admodum</span> <span class='ocrx_word' id='word_1_11' title='bbox 767 274 852 310; x_wconf 93' lang='lat' dir='ltr'>eos</span> <span class='ocrx_word' id='word_1_12' title='bbox 878 258 1157 309; x_wconf 80' lang='lat' dir='ltr'><strong>mortalium</strong></span> <span class='ocrx_word' id='word_1_13' title='bbox 1195 274 1426 309; x_wconf 90' lang='lat' dir='ltr'>curarum</span> <span class='ocrx_word' id='word_1_14' title='bbox 1462 265 1577 311; x_wconf 86' lang='lat' dir='ltr'>uota</span> <span class='ocrx_word' id='word_1_15' title='bbox 1610 259 1711 311; x_wconf 90' lang='lat' dir='ltr'>sol-</span> 
     </span>
     <span class='ocr_line' id='line_1_3' title="bbox 99 329 1710 401; baseline -0.001 -18"><span class='ocrx_word' id='word_1_16' title='bbox 99 332 285 383; x_wconf 85' lang='lat' dir='ltr'>licitant</span> <span class='ocrx_word' id='word_1_17' title='bbox 310 329 627 395; x_wconf 66' lang='lat' dir='ltr'>duasse‘icque</span> <span class='ocrx_word' id='word_1_18' title='bbox 656 330 996 401; x_wconf 77' lang='lat' dir='ltr'>perhibentur.</span> <span class='ocrx_word' id='word_1_19' title='bbox 1049 329 1146 380; x_wconf 91' lang='lat' dir='ltr'>illic</span> <span class='ocrx_word' id='word_1_20' title='bbox 1171 329 1341 380; x_wconf 89' lang='lat' dir='ltr'>Iouem</span> <span class='ocrx_word' id='word_1_21' title='bbox 1368 343 1581 394; x_wconf 88' lang='lat' dir='ltr'>regnare</span> <span class='ocrx_word' id='word_1_22' title='bbox 1602 346 1710 382; x_wconf 89' lang='lat' dir='ltr'>cer·</span> 
     </span>
     <span class='ocr_line' id='line_1_4' title="bbox 101 399 1823 468; baseline -0.001 -14"><span class='ocrx_word' id='word_1_23' title='bbox 101 404 342 454; x_wconf 86' lang='lat' dir='ltr'>tissimum</span> <span class='ocrx_word' id='word_1_24' title='bbox 367 409 456 452; x_wconf 90' lang='lat' dir='ltr'>est.</span> <span class='ocrx_word' id='word_1_25' title='bbox 528 407 576 451; x_wconf 91' lang='lat' dir='ltr'>at</span> <span class='ocrx_word' id='word_1_26' title='bbox 602 403 728 451; x_wconf 92' lang='lat' dir='ltr'>intra</span> <span class='ocrx_word' id='word_1_27' title='bbox 765 399 894 451; x_wconf 90' lang='lat' dir='ltr'>Solis</span> <span class='ocrx_word' id='word_1_28' title='bbox 928 407 1145 451; x_wconf 89' lang='lat' dir='ltr'>meatum</span> <span class='ocrx_word' id='word_1_29' title='bbox 1171 415 1328 467; x_wconf 90' lang='lat' dir='ltr'>usque</span> <span class='ocrx_word' id='word_1_30' title='bbox 1354 400 1580 452; x_wconf 92' lang='lat' dir='ltr'>lunarem</span> <span class='ocrx_word' id='word_1_31' title='bbox 1606 402 1709 468; x_wconf 87' lang='lat' dir='ltr'>glo·</span> <span class='ocrx_word' id='word_1_32' title='bbox 1744 412 1823 454; x_wconf 82' lang='lat'>151</span> 
     </span>
     <span class='ocr_line' id='line_1_5' title="bbox 86 471 1713 541; baseline 0.001 -18"><span class='ocrx_word' id='word_1_33' title='bbox 86 473 219 524; x_wconf 74' lang='lat' dir='ltr'>,bum</span> <span class='ocrx_word' id='word_1_34' title='bbox 263 472 508 523; x_wconf 87' lang='lat' dir='ltr'>secundae</span> <span class='ocrx_word' id='word_1_35' title='bbox 543 471 784 522; x_wconf 78' lang='lat' dir='ltr'>beatitatis</span> <span class='ocrx_word' id='word_1_36' title='bbox 810 473 1012 521; x_wconf 91' lang='lat' dir='ltr'>numina</span> <span class='ocrx_word' id='word_1_37' title='bbox 1046 473 1372 537; x_wconf 88' lang='lat' dir='ltr'>supparisque</span> <span class='ocrx_word' id='word_1_38' title='bbox 1407 472 1713 541; x_wconf 86' lang='lat' dir='ltr'>potentiae‚&gt;</span> 
     </span>
    </p>

    <p class='ocr_par' dir='ltr' id='par_1_3' title="bbox 53 542 1789 610">
     <span class='ocr_line' id='line_1_6' title="bbox 53 542 1789 610; baseline 0.003 -20"><span class='ocrx_word' id='word_1_39' title='bbox 53 555 77 590; x_wconf 83' lang='lat'><strong>5</strong></span> <span class='ocrx_word' id='word_1_40' title='bbox 99 559 190 610; x_wconf 88' lang='lat' dir='ltr'>per</span> <span class='ocrx_word' id='word_1_41' title='bbox 224 558 351 609; x_wconf 89' lang='lat' dir='ltr'>quae</span> <span class='ocrx_word' id='word_1_42' title='bbox 395 551 559 593; x_wconf 90' lang='lat' dir='ltr'>tamen</span> <span class='ocrx_word' id='word_1_43' title='bbox 597 543 825 592; x_wconf 86' lang='lat' dir='ltr'>uaticinia</span> <span class='ocrx_word' id='word_1_44' title='bbox 861 542 1149 606; x_wconf 87' lang='lat' dir='ltr'>somniaque</span> <span class='ocrx_word' id='word_1_45' title='bbox 1175 557 1233 592; x_wconf 85' lang='lat' dir='ltr'>ac</span> <span class='ocrx_word' id='word_1_46' title='bbox 1258 543 1483 607; x_wconf 88' lang='lat' dir='ltr'>prodigia</span> <span class='ocrx_word' id='word_1_47' title='bbox 1511 559 1713 609; x_wconf 90' lang='lat' dir='ltr'>compo·</span> <span class='ocrx_word' id='word_1_48' title='bbox 1785 606 1789 607; x_wconf 10' lang='grc' dir='ltr'><em>γ</em></span> 
     </span>
    </p>

    <p class='ocr_par' dir='ltr' id='par_1_4' title="bbox 22 611 1713 751">
     <span class='ocr_line' id='line_1_7' title="bbox 22 611 1713 681; baseline 0.001 -17"><span class='ocrx_word' id='word_1_49' title='bbox 22 643 23 646; x_wconf 64' lang='lat'><em>=</em></span> <span class='ocrx_word' id='word_1_50' title='bbox 98 620 301 664; x_wconf 89' lang='lat' dir='ltr'>nuntur.</span> <span class='ocrx_word' id='word_1_51' title='bbox 353 614 475 663; x_wconf 88' lang='lat' dir='ltr'>haec</span> <span class='ocrx_word' id='word_1_52' title='bbox 511 615 757 679; x_wconf 81' lang='lat' dir='ltr'>aruspicio</span> <span class='ocrx_word' id='word_1_53' title='bbox 798 619 906 662; x_wconf 88' lang='lat' dir='ltr'>exta</span> <span class='ocrx_word' id='word_1_54' title='bbox 942 611 1210 663; x_wconf 86' lang='lat' dir='ltr'>fissiculant</span> <span class='ocrx_word' id='word_1_55' title='bbox 1230 613 1544 664; x_wconf 90' lang='lat' dir='ltr'>admonentia</span> <span class='ocrx_word' id='word_1_56' title='bbox 1564 631 1713 681; x_wconf 89' lang='lat' dir='ltr'>quae-</span> 
     </span>
     <span class='ocr_line' id='line_1_8' title="bbox 100 683 1712 751; baseline 0.001 -17"><span class='ocrx_word' id='word_1_57' title='bbox 100 686 212 734; x_wconf 85' lang='lat' dir='ltr'>dam</span> <span class='ocrx_word' id='word_1_58' title='bbox 249 699 496 751; x_wconf 88' lang='lat' dir='ltr'>uocesque</span> <span class='ocrx_word' id='word_1_59' title='bbox 536 686 876 734; x_wconf 88' lang='lat' dir='ltr'>transmittunt</span> <span class='ocrx_word' id='word_1_60' title='bbox 901 684 1251 748; x_wconf 84' lang='lat' dir='ltr'>auguratisque</span> <span class='ocrx_word' id='word_1_61' title='bbox 1277 683 1509 734; x_wconf 87' lang='lat' dir='ltr'>locuntur</span> <span class='ocrx_word' id='word_1_62' title='bbox 1536 687 1712 736; x_wconf 89' lang='lat' dir='ltr'>omini-</span> 
     </span>
    </p>

    <p class='ocr_par' dir='ltr' id='par_1_5' title="bbox 19 754 1713 820">
     <span class='ocr_line' id='line_1_9' title="bbox 19 754 1713 820; baseline 0.001 -15"><span class='ocrx_word' id='word_1_63' title='bbox 19 813 23 817; x_wconf 21' lang='grc' dir='ltr'><strong>Α</strong></span> <span class='ocrx_word' id='word_1_64' title='bbox 99 755 208 806; x_wconf 80' lang='lat' dir='ltr'>bus,</span> <span class='ocrx_word' id='word_1_65' title='bbox 268 754 561 820; x_wconf 87' lang='lat' dir='ltr'>plerumque</span> <span class='ocrx_word' id='word_1_66' title='bbox 598 757 726 804; x_wconf 91' lang='lat' dir='ltr'>enim</span> <span class='ocrx_word' id='word_1_67' title='bbox 773 760 1069 820; x_wconf 80' lang='lat' dir='ltr'>quaerentes</span> <span class='ocrx_word' id='word_1_68' title='bbox 1104 754 1373 805; x_wconf 89' lang='lat' dir='ltr'>admonent</span> <span class='ocrx_word' id='word_1_69' title='bbox 1418 755 1499 805; x_wconf 90' lang='lat' dir='ltr'>uel</span> <span class='ocrx_word' id='word_1_70' title='bbox 1536 757 1713 806; x_wconf 90' lang='lat' dir='ltr'>sideris</span> 
     </span>
    </p>

    <p class='ocr_par' dir='ltr' id='par_1_6' title="bbox 19 824 1824 882">
     <span class='ocr_line' id='line_1_10' title="bbox 19 824 1824 882; baseline 0 -6"><span class='ocrx_word' id='word_1_71' title='bbox 19 849 32 882; x_wconf 67' lang='grc' dir='ltr'>τ</span> <span class='ocrx_word' id='word_1_72' title='bbox 99 841 247 876; x_wconf 91' lang='lat' dir='ltr'>cursu</span> <span class='ocrx_word' id='word_1_73' title='bbox 295 826 375 876; x_wconf 90' lang='lat' dir='ltr'>uel</span> <span class='ocrx_word' id='word_1_74' title='bbox 426 826 640 876; x_wconf 79' lang='lat' dir='ltr'>fulminis</span> <span class='ocrx_word' id='word_1_75' title='bbox 675 826 834 875; x_wconf 90' lang='lat' dir='ltr'>iaculo</span> <span class='ocrx_word' id='word_1_76' title='bbox 887 824 965 875; x_wconf 89' lang='lat' dir='ltr'>uel</span> <span class='ocrx_word' id='word_1_77' title='bbox 1015 828 1277 875; x_wconf 86' lang='lat' dir='ltr'>ostentaria</span> <span class='ocrx_word' id='word_1_78' title='bbox 1317 827 1551 878; x_wconf 89' lang='lat' dir='ltr'>nouitate.</span> <span class='ocrx_word' id='word_1_79' title='bbox 1622 828 1709 878; x_wconf 88' lang='lat' dir='ltr'>sed</span> <span class='ocrx_word' id='word_1_80' title='bbox 1744 837 1824 877; x_wconf 80' lang='lat'>152</span> 
     </span>
    </p>

    <p class='ocr_par' dir='ltr' id='par_1_7' title="bbox 34 895 1711 963">
     <span class='ocr_line' id='line_1_11' title="bbox 34 895 1711 963; baseline 0.004 -21"><span class='ocrx_word' id='word_1_81' title='bbox 34 910 81 943; x_wconf 77' lang='grc' dir='ltr'>ιο</span> <span class='ocrx_word' id='word_1_82' title='bbox 102 898 333 961; x_wconf 90' lang='lat' dir='ltr'>quoniam</span> <span class='ocrx_word' id='word_1_83' title='bbox 379 900 466 947; x_wconf 92' lang='lat' dir='ltr'>uni</span> <span class='ocrx_word' id='word_1_84' title='bbox 503 898 677 962; x_wconf 90' lang='lat' dir='ltr'>cuique</span> <span class='ocrx_word' id='word_1_85' title='bbox 722 898 1035 962; x_wconf 86' lang='lat' dir='ltr'>superiorum</span> <span class='ocrx_word' id='word_1_86' title='bbox 1072 895 1279 946; x_wconf 88' lang='lat' dir='ltr'>deorum</span> <span class='ocrx_word' id='word_1_87' title='bbox 1315 897 1491 960; x_wconf 84' lang='lat' dir='ltr'>singuli</span> <span class='ocrx_word' id='word_1_88' title='bbox 1528 899 1711 963; x_wconf 89' lang='lat' dir='ltr'>quique</span> 
     </span>
    </p>

    <p class='ocr_par' dir='ltr' id='par_1_8' title="bbox 17 967 1712 1245">
     <span class='ocr_line' id='line_1_12' title="bbox 17 967 1709 1033; baseline 0.001 -15"><span class='ocrx_word' id='word_1_89' title='bbox 17 990 23 1005; x_wconf 72' lang='lat'>=</span> <span class='ocrx_word' id='word_1_90' title='bbox 97 967 399 1025; x_wconf 87' lang='lat' dir='ltr'>deseruiunt,</span> <span class='ocrx_word' id='word_1_91' title='bbox 429 984 487 1017; x_wconf 90' lang='lat' dir='ltr'>ex</span> <span class='ocrx_word' id='word_1_92' title='bbox 513 967 710 1017; x_wconf 90' lang='lat' dir='ltr'>illorum</span> <span class='ocrx_word' id='word_1_93' title='bbox 738 967 940 1016; x_wconf 91' lang='lat' dir='ltr'>arbitrio</span> <span class='ocrx_word' id='word_1_94' title='bbox 966 969 1271 1032; x_wconf 89' lang='lat' dir='ltr'>istorumque</span> <span class='ocrx_word' id='word_1_95' title='bbox 1299 969 1530 1019; x_wconf 88' lang='lat' dir='ltr'>comitatu</span> <span class='ocrx_word' id='word_1_96' title='bbox 1559 977 1606 1019; x_wconf 90' lang='lat' dir='ltr'>et</span> <span class='ocrx_word' id='word_1_97' title='bbox 1626 983 1709 1033; x_wconf 85' lang='lat' dir='ltr'>ge-</span> 
     </span>
     <span class='ocr_line' id='line_1_13' title="bbox 97 1036 1712 1103; baseline 0.001 -15"><span class='ocrx_word' id='word_1_98' title='bbox 97 1038 278 1088; x_wconf 91' lang='lat' dir='ltr'>neralis</span> <span class='ocrx_word' id='word_1_99' title='bbox 322 1040 541 1088; x_wconf 91' lang='lat' dir='ltr'>omnium</span> <span class='ocrx_word' id='word_1_100' title='bbox 575 1037 772 1103; x_wconf 87' lang='lat' dir='ltr'>praesul</span> <span class='ocrx_word' id='word_1_101' title='bbox 809 1044 857 1087; x_wconf 89' lang='lat' dir='ltr'>et</span> <span class='ocrx_word' id='word_1_102' title='bbox 902 1036 1132 1102; x_wconf 83' lang='lat' dir='ltr'>specialis</span> <span class='ocrx_word' id='word_1_103' title='bbox 1167 1038 1372 1103; x_wconf 83' lang='lat' dir='ltr'>singulis</span> <span class='ocrx_word' id='word_1_104' title='bbox 1419 1039 1712 1090; x_wconf 87' lang='lat' dir='ltr'>mortalibus</span> 
     </span>
     <span class='ocr_line' id='line_1_14' title="bbox 99 1108 1712 1175; baseline 0.002 -17"><span class='ocrx_word' id='word_1_105' title='bbox 99 1110 286 1159; x_wconf 87' lang='lat' dir='ltr'>Genius</span> <span class='ocrx_word' id='word_1_106' title='bbox 320 1109 638 1166; x_wconf 83' lang='lat' dir='ltr'>admonetur,</span> <span class='ocrx_word' id='word_1_107' title='bbox 676 1124 820 1173; x_wconf 91' lang='lat' dir='ltr'>quem</span> <span class='ocrx_word' id='word_1_108' title='bbox 859 1111 1006 1158; x_wconf 88' lang='lat' dir='ltr'>etiam</span> <span class='ocrx_word' id='word_1_109' title='bbox 1041 1108 1330 1159; x_wconf 88' lang='lat' dir='ltr'>Praestitem</span> <span class='ocrx_word' id='word_1_110' title='bbox 1368 1110 1499 1174; x_wconf 92' lang='lat' dir='ltr'>quod</span> <span class='ocrx_word' id='word_1_111' title='bbox 1527 1113 1712 1175; x_wconf 86' lang='lat' dir='ltr'>praesit</span> 
     </span>
     <span class='ocr_line' id='line_1_15' title="bbox 98 1179 1710 1245; baseline 0.002 -16"><span class='ocrx_word' id='word_1_112' title='bbox 98 1180 334 1243; x_wconf 87' lang='lat' dir='ltr'>gerundis</span> <span class='ocrx_word' id='word_1_113' title='bbox 360 1179 590 1229; x_wconf 92' lang='lat' dir='ltr'>omnibus</span> <span class='ocrx_word' id='word_1_114' title='bbox 615 1187 950 1229; x_wconf 87' lang='lat' dir='ltr'>uocauerunt:</span> <span class='ocrx_word' id='word_1_115' title='bbox 992 1194 1107 1228; x_wconf 92' lang='lat' dir='ltr'>nam</span> <span class='ocrx_word' id='word_1_116' title='bbox 1134 1186 1182 1229; x_wconf 91' lang='lat' dir='ltr'>et</span> <span class='ocrx_word' id='word_1_117' title='bbox 1215 1179 1386 1245; x_wconf 92' lang='lat' dir='ltr'>populi</span> <span class='ocrx_word' id='word_1_118' title='bbox 1408 1182 1564 1232; x_wconf 89' lang='lat' dir='ltr'>Genio</span> <span class='ocrx_word' id='word_1_119' title='bbox 1595 1198 1710 1232; x_wconf 91' lang='lat' dir='ltr'>cum</span> 
     </span>
    </p>

    <p class='ocr_par' dir='ltr' id='par_1_9' title="bbox 34 1249 1854 1599">
     <span class='ocr_line' id='line_1_16' title="bbox 34 1249 1711 1316; baseline 0.004 -20"><span class='ocrx_word' id='word_1_120' title='bbox 34 1263 75 1297; x_wconf 85' lang='lat'>15</span> <span class='ocrx_word' id='word_1_121' title='bbox 99 1249 342 1314; x_wconf 84' lang='lat' dir='ltr'>generalis</span> <span class='ocrx_word' id='word_1_122' title='bbox 377 1252 599 1315; x_wconf 90' lang='lat' dir='ltr'>poscitur</span> <span class='ocrx_word' id='word_1_123' title='bbox 635 1249 939 1314; x_wconf 85' lang='lat' dir='ltr'>supplicatur</span> <span class='ocrx_word' id='word_1_124' title='bbox 975 1257 1022 1299; x_wconf 88' lang='lat' dir='ltr'>et</span> <span class='ocrx_word' id='word_1_125' title='bbox 1058 1265 1185 1300; x_wconf 91' lang='lat' dir='ltr'>unus</span> <span class='ocrx_word' id='word_1_126' title='bbox 1220 1251 1427 1316; x_wconf 90' lang='lat' dir='ltr'>quisque</span> <span class='ocrx_word' id='word_1_127' title='bbox 1461 1252 1711 1315; x_wconf 86' lang='lat' dir='ltr'>guberna-</span> 
     </span>
     <span class='ocr_line' id='line_1_17' title="bbox 99 1320 1854 1386; baseline 0.002 -17"><span class='ocrx_word' id='word_1_128' title='bbox 99 1322 193 1369; x_wconf 86' lang='lat' dir='ltr'>tori</span> <span class='ocrx_word' id='word_1_129' title='bbox 218 1323 421 1384; x_wconf 91' lang='lat' dir='ltr'>proprio</span> <span class='ocrx_word' id='word_1_130' title='bbox 447 1321 678 1386; x_wconf 90' lang='lat' dir='ltr'>dependit</span> <span class='ocrx_word' id='word_1_131' title='bbox 698 1320 1004 1385; x_wconf 91' lang='lat' dir='ltr'>obsequium.</span> <span class='ocrx_word' id='word_1_132' title='bbox 1054 1320 1268 1384; x_wconf 86' lang='lat' dir='ltr'>ideoque</span> <span class='ocrx_word' id='word_1_133' title='bbox 1294 1321 1478 1372; x_wconf 91' lang='lat' dir='ltr'>dicitur</span> <span class='ocrx_word' id='word_1_134' title='bbox 1504 1323 1705 1381; x_wconf 90' lang='lat' dir='ltr'>Genius,</span> <span class='ocrx_word' id='word_1_135' title='bbox 1742 1339 1798 1375; x_wconf 76' lang='lat'>39</span> <span class='ocrx_word' id='word_1_136' title='bbox 1818 1337 1854 1378; x_wconf 82' lang='lat' dir='ltr'><em>G</em></span> 
     </span>
     <span class='ocr_line' id='line_1_18' title="bbox 97 1391 1707 1455; baseline 0.003 -15"><span class='ocrx_word' id='word_1_137' title='bbox 97 1394 328 1455; x_wconf 90' lang='lat' dir='ltr'>quoniam</span> <span class='ocrx_word' id='word_1_138' title='bbox 366 1406 478 1442; x_wconf 92' lang='lat' dir='ltr'>cum</span> <span class='ocrx_word' id='word_1_139' title='bbox 517 1393 626 1455; x_wconf 90' lang='lat' dir='ltr'>quis</span> <span class='ocrx_word' id='word_1_140' title='bbox 661 1391 917 1440; x_wconf 90' lang='lat' dir='ltr'>hominum</span> <span class='ocrx_word' id='word_1_141' title='bbox 954 1392 1148 1455; x_wconf 84' lang='lat' dir='ltr'>genitus</span> <span class='ocrx_word' id='word_1_142' title='bbox 1183 1391 1355 1450; x_wconf 87' lang='lat' dir='ltr'>fuerit,</span> <span class='ocrx_word' id='word_1_143' title='bbox 1385 1408 1499 1444; x_wconf 82' lang='lat' dir='ltr'>mox</span> <span class='ocrx_word' id='word_1_144' title='bbox 1546 1395 1707 1445; x_wconf 90' lang='lat' dir='ltr'>eidem</span> 
     </span>
     <span class='ocr_line' id='line_1_19' title="bbox 97 1461 1710 1528; baseline 0.003 -18"><span class='ocrx_word' id='word_1_145' title='bbox 97 1461 369 1526; x_wconf 89' lang='lat' dir='ltr'>copulatur.</span> <span class='ocrx_word' id='word_1_146' title='bbox 432 1462 513 1511; x_wconf 91' lang='lat' dir='ltr'>hic</span> <span class='ocrx_word' id='word_1_147' title='bbox 547 1462 778 1512; x_wconf 91' lang='lat' dir='ltr'>tutelator</span> <span class='ocrx_word' id='word_1_148' title='bbox 812 1462 1178 1526; x_wconf 87' lang='lat' dir='ltr'>fidissimusque</span> <span class='ocrx_word' id='word_1_149' title='bbox 1215 1478 1481 1528; x_wconf 86' lang='lat' dir='ltr'>germanus</span> <span class='ocrx_word' id='word_1_150' title='bbox 1517 1466 1710 1516; x_wconf 85' lang='lat' dir='ltr'>animos</span> 
     </span>
     <span class='ocr_line' id='line_1_20' title="bbox 97 1532 1823 1599; baseline 0.005 -18"><span class='ocrx_word' id='word_1_151' title='bbox 97 1534 317 1582; x_wconf 91' lang='lat' dir='ltr'>omnium</span> <span class='ocrx_word' id='word_1_152' title='bbox 356 1538 645 1598; x_wconf 86' lang='lat' dir='ltr'>mentesque</span> <span class='ocrx_word' id='word_1_153' title='bbox 695 1532 919 1583; x_wconf 83' lang='lat' dir='ltr'>custodit.</span> <span class='ocrx_word' id='word_1_154' title='bbox 989 1541 1037 1583; x_wconf 92' lang='lat' dir='ltr'>et</span> <span class='ocrx_word' id='word_1_155' title='bbox 1081 1535 1312 1598; x_wconf 89' lang='lat' dir='ltr'>quoniam</span> <span class='ocrx_word' id='word_1_156' title='bbox 1357 1537 1711 1599; x_wconf 84' lang='lat' dir='ltr'>cogitationum</span> <span class='ocrx_word' id='word_1_157' title='bbox 1744 1550 1823 1589; x_wconf 83' lang='lat'>153</span> 
     </span>
    </p>

    <p class='ocr_par' dir='ltr' id='par_1_10' title="bbox 15 1605 1825 1951">
     <span class='ocr_line' id='line_1_21' title="bbox 15 1605 1710 1671; baseline 0.005 -21"><span class='ocrx_word' id='word_1_158' title='bbox 15 1610 75 1651; x_wconf 63' lang='grc' dir='ltr'>’πο</span> <span class='ocrx_word' id='word_1_159' title='bbox 99 1618 278 1653; x_wconf 87' lang='lat' dir='ltr'>arcana</span> <span class='ocrx_word' id='word_1_160' title='bbox 304 1618 513 1666; x_wconf 90' lang='lat' dir='ltr'>superae</span> <span class='ocrx_word' id='word_1_161' title='bbox 539 1605 792 1654; x_wconf 89' lang='lat' dir='ltr'>annuntiat</span> <span class='ocrx_word' id='word_1_162' title='bbox 820 1605 1074 1668; x_wconf 87' lang='lat' dir='ltr'>potestati,</span> <span class='ocrx_word' id='word_1_163' title='bbox 1106 1606 1250 1655; x_wconf 91' lang='lat' dir='ltr'>etiam</span> <span class='ocrx_word' id='word_1_164' title='bbox 1278 1605 1492 1670; x_wconf 86' lang='lat' dir='ltr'>Angelus</span> <span class='ocrx_word' id='word_1_165' title='bbox 1527 1610 1710 1671; x_wconf 87' lang='lat' dir='ltr'>poterit</span> 
     </span>
     <span class='ocr_line' id='line_1_22' title="bbox 96 1673 1825 1738; baseline 0.005 -16"><span class='ocrx_word' id='word_1_166' title='bbox 96 1677 388 1738; x_wconf 87' lang='lat' dir='ltr'>nuncupari.</span> <span class='ocrx_word' id='word_1_167' title='bbox 439 1674 530 1724; x_wconf 89' lang='lat' dir='ltr'>hos</span> <span class='ocrx_word' id='word_1_168' title='bbox 556 1690 727 1724; x_wconf 87' lang='lat' dir='ltr'>omnes</span> <span class='ocrx_word' id='word_1_169' title='bbox 753 1675 931 1724; x_wconf 89' lang='lat' dir='ltr'>Graeci</span> <span class='ocrx_word' id='word_1_170' title='bbox 967 1673 1222 1737; x_wconf 75' lang='grc' dir='ltr'>δαίμονας</span> <span class='ocrx_word' id='word_1_171' title='bbox 1259 1676 1427 1726; x_wconf 90' lang='lat' dir='ltr'>dicunt</span> <span class='ocrx_word' id='word_1_172' title='bbox 1461 1675 1571 1729; x_wconf 88' lang='grc' dir='ltr'>ἀπὸ</span> <span class='ocrx_word' id='word_1_173' title='bbox 1610 1680 1709 1730; x_wconf 87' lang='grc' dir='ltr'>τοῦ</span> <span class='ocrx_word' id='word_1_174' title='bbox 1745 1691 1825 1732; x_wconf 80' lang='lat'>154</span> 
     </span>
     <span class='ocr_line' id='line_1_23' title="bbox 95 1742 1708 1814; baseline 0.002 -19"><span class='ocrx_word' id='word_1_175' title='bbox 95 1742 368 1807; x_wconf 72' lang='grc' dir='ltr'>δαήμονα(</span> <span class='ocrx_word' id='word_1_176' title='bbox 396 1742 548 1803; x_wconf 81' lang='grc' dir='ltr'><strong>εἶναι,</strong></span> <span class='ocrx_word' id='word_1_177' title='bbox 578 1745 733 1794; x_wconf 90' lang='lat' dir='ltr'>Latini</span> <span class='ocrx_word' id='word_1_178' title='bbox 768 1745 1088 1795; x_wconf 86' lang='lat' dir='ltr'>Medioximos</span> <span class='ocrx_word' id='word_1_179' title='bbox 1135 1749 1429 1797; x_wconf 88' lang='lat' dir='ltr'>uocitarunt.</span> <span class='ocrx_word' id='word_1_180' title='bbox 1491 1751 1576 1814; x_wconf 90' lang='lat' dir='ltr'>qui</span> <span class='ocrx_word' id='word_1_181' title='bbox 1603 1751 1708 1814; x_wconf 91' lang='lat' dir='ltr'>qui·</span> 
     </span>
     <span class='ocr_line' id='line_1_24' title="bbox 96 1815 1709 1883; baseline 0.004 -19"><span class='ocrx_word' id='word_1_182' title='bbox 96 1815 209 1865; x_wconf 90' lang='lat' dir='ltr'>dem</span> <span class='ocrx_word' id='word_1_183' title='bbox 246 1830 418 1866; x_wconf 88' lang='lat' dir='ltr'>omnes</span> <span class='ocrx_word' id='word_1_184' title='bbox 452 1817 614 1865; x_wconf 91' lang='lat' dir='ltr'>minus</span> <span class='ocrx_word' id='word_1_185' title='bbox 648 1815 838 1865; x_wconf 89' lang='lat' dir='ltr'>lucidae</span> <span class='ocrx_word' id='word_1_186' title='bbox 874 1815 1274 1881; x_wconf 89' lang='lat' dir='ltr'>splendentisque</span> <span class='ocrx_word' id='word_1_187' title='bbox 1308 1825 1514 1868; x_wconf 87' lang='lat' dir='ltr'>naturae</span> <span class='ocrx_word' id='word_1_188' title='bbox 1561 1835 1709 1883; x_wconf 89' lang='lat' dir='ltr'>quam</span> 
     </span>
     <span class='ocr_line' id='line_1_25' title="bbox 96 1883 1705 1951; baseline 0.005 -18"><span class='ocrx_word' id='word_1_189' title='bbox 96 1883 167 1934; x_wconf 87' lang='lat' dir='ltr'>illi</span> <span class='ocrx_word' id='word_1_190' title='bbox 193 1885 427 1936; x_wconf 87' lang='lat' dir='ltr'>caelestes</span> <span class='ocrx_word' id='word_1_191' title='bbox 462 1887 533 1934; x_wconf 90' lang='lat' dir='ltr'>sic</span> <span class='ocrx_word' id='word_1_192' title='bbox 564 1892 618 1935; x_wconf 92' lang='lat' dir='ltr'>ut</span> <span class='ocrx_word' id='word_1_193' title='bbox 653 1887 898 1951; x_wconf 85' lang='lat' dir='ltr'>conspicis</span> <span class='ocrx_word' id='word_1_194' title='bbox 925 1886 1279 1950; x_wconf 87' lang='lat' dir='ltr'>approbantur.</span> <span class='ocrx_word' id='word_1_195' title='bbox 1333 1904 1426 1938; x_wconf 92' lang='lat' dir='ltr'>nec</span> <span class='ocrx_word' id='word_1_196' title='bbox 1453 1896 1615 1940; x_wconf 90' lang='lat' dir='ltr'>tamen</span> <span class='ocrx_word' id='word_1_197' title='bbox 1643 1892 1705 1942; x_wconf 91' lang='lat' dir='ltr'>ita</span> 
     </span>
    </p>

    <p class='ocr_par' dir='ltr' id='par_1_11' title="bbox 29 1956 1822 2310">
     <span class='ocr_line' id='line_1_26' title="bbox 29 1956 1822 2024; baseline 0.006 -19"><span class='ocrx_word' id='word_1_198' title='bbox 29 1969 74 2006; x_wconf 72' lang='lat'>25</span> <span class='ocrx_word' id='word_1_199' title='bbox 99 1963 214 2005; x_wconf 90' lang='lat' dir='ltr'>sunt</span> <span class='ocrx_word' id='word_1_200' title='bbox 247 1956 525 2021; x_wconf 89' lang='lat' dir='ltr'>corpulenti</span> <span class='ocrx_word' id='word_1_201' title='bbox 559 1962 611 2005; x_wconf 88' lang='lat' dir='ltr'>ut</span> <span class='ocrx_word' id='word_1_202' title='bbox 647 1956 903 2006; x_wconf 89' lang='lat' dir='ltr'>hominum</span> <span class='ocrx_word' id='word_1_203' title='bbox 930 1959 1184 2022; x_wconf 88' lang='lat' dir='ltr'>capiantur</span> <span class='ocrx_word' id='word_1_204' title='bbox 1213 1958 1401 2009; x_wconf 90' lang='lat' dir='ltr'>obtutu.</span> <span class='ocrx_word' id='word_1_205' title='bbox 1455 1960 1539 2010; x_wconf 90' lang='lat' dir='ltr'>hic</span> <span class='ocrx_word' id='word_1_206' title='bbox 1560 1963 1708 2024; x_wconf 85' lang='lat' dir='ltr'>igitur</span> <span class='ocrx_word' id='word_1_207' title='bbox 1743 1976 1822 2016; x_wconf 80' lang='lat'>155</span> 
     </span>
     <span class='ocr_line' id='line_1_27' title="bbox 99 2026 1706 2097; baseline 0.004 -22"><span class='ocrx_word' id='word_1_208' title='bbox 99 2026 249 2075; x_wconf 84' lang='lat' dir='ltr'>Lares</span> <span class='ocrx_word' id='word_1_209' title='bbox 284 2027 364 2075; x_wconf 91' lang='lat' dir='ltr'>hic</span> <span class='ocrx_word' id='word_1_210' title='bbox 405 2035 516 2092; x_wconf 89' lang='lat' dir='ltr'>post</span> <span class='ocrx_word' id='word_1_211' title='bbox 554 2027 893 2077; x_wconf 89' lang='lat' dir='ltr'>membrorum</span> <span class='ocrx_word' id='word_1_212' title='bbox 938 2043 1118 2077; x_wconf 90' lang='lat' dir='ltr'>nexum</span> <span class='ocrx_word' id='word_1_213' title='bbox 1166 2029 1351 2092; x_wconf 86' lang='lat' dir='ltr'>degunt</span> <span class='ocrx_word' id='word_1_214' title='bbox 1387 2033 1579 2081; x_wconf 85' lang='lat' dir='ltr'>animae</span> <span class='ocrx_word' id='word_1_215' title='bbox 1615 2048 1706 2097; x_wconf 88' lang='lat' dir='ltr'>pu·</span> 
     </span>
     <span class='ocr_line' id='line_1_28' title="bbox 96 2097 1706 2163; baseline 0.005 -18"><span class='ocrx_word' id='word_1_216' title='bbox 96 2098 280 2153; x_wconf 81' lang='lat' dir='ltr'>rioreS‚</span> <span class='ocrx_word' id='word_1_217' title='bbox 318 2112 444 2161; x_wconf 90' lang='lat' dir='ltr'>quae</span> <span class='ocrx_word' id='word_1_218' title='bbox 480 2097 770 2163; x_wconf 92' lang='lat' dir='ltr'>plerumque</span> <span class='ocrx_word' id='word_1_219' title='bbox 808 2100 846 2147; x_wconf 92' lang='lat' dir='ltr'>si</span> <span class='ocrx_word' id='word_1_220' title='bbox 882 2100 1171 2148; x_wconf 87' lang='lat' dir='ltr'>meritorum</span> <span class='ocrx_word' id='word_1_221' title='bbox 1217 2101 1505 2151; x_wconf 85' lang='lat' dir='ltr'>excellentia</span> <span class='ocrx_word' id='word_1_222' title='bbox 1554 2102 1706 2153; x_wconf 90' lang='lat' dir='ltr'>subli—</span> 
     </span>
     <span class='ocr_line' id='line_1_29' title="bbox 96 2168 1706 2237; baseline 0.005 -21"><span class='ocrx_word' id='word_1_223' title='bbox 96 2174 292 2216; x_wconf 90' lang='lat' dir='ltr'>mantur</span> <span class='ocrx_word' id='word_1_224' title='bbox 319 2169 462 2218; x_wconf 89' lang='lat' dir='ltr'>etiam</span> <span class='ocrx_word' id='word_1_225' title='bbox 502 2168 740 2218; x_wconf 89' lang='lat' dir='ltr'>circulum</span> <span class='ocrx_word' id='word_1_226' title='bbox 786 2168 900 2219; x_wconf 87' lang='lat' dir='ltr'>solis</span> <span class='ocrx_word' id='word_1_227' title='bbox 937 2185 993 2219; x_wconf 93' lang='lat' dir='ltr'>ac</span> <span class='ocrx_word' id='word_1_228' title='bbox 1029 2170 1327 2222; x_wconf 88' lang='lat' dir='ltr'>flammantia</span> <span class='ocrx_word' id='word_1_229' title='bbox 1363 2180 1531 2237; x_wconf 89' lang='lat' dir='ltr'>saepta</span> <span class='ocrx_word' id='word_1_230' title='bbox 1572 2181 1706 2224; x_wconf 86' lang='lat' dir='ltr'>tran·</span> 
     </span>
     <span class='ocr_line' id='line_1_30' title="bbox 97 2236 1820 2310; baseline 0.004 -22"><span class='ocrx_word' id='word_1_231' title='bbox 97 2236 281 2288; x_wconf 87' lang='lat' dir='ltr'>siliunt.</span> <span class='ocrx_word' id='word_1_232' title='bbox 337 2239 514 2288; x_wconf 90' lang='lat' dir='ltr'>dehinc</span> <span class='ocrx_word' id='word_1_233' title='bbox 540 2255 566 2288; x_wconf 91' lang='lat' dir='ltr'>a</span> <span class='ocrx_word' id='word_1_234' title='bbox 592 2239 752 2289; x_wconf 93' lang='lat' dir='ltr'>lunari</span> <span class='ocrx_word' id='word_1_235' title='bbox 779 2239 963 2289; x_wconf 93' lang='lat' dir='ltr'>circulo</span> <span class='ocrx_word' id='word_1_236' title='bbox 990 2256 1146 2305; x_wconf 88' lang='lat' dir='ltr'>usque</span> <span class='ocrx_word' id='word_1_237' title='bbox 1173 2243 1222 2290; x_wconf 92' lang='lat' dir='ltr'>in</span> <span class='ocrx_word' id='word_1_238' title='bbox 1257 2249 1442 2292; x_wconf 88' lang='lat' dir='ltr'>terram</span> <span class='ocrx_word' id='word_1_239' title='bbox 1469 2246 1702 2310; x_wconf 86' lang='lat' dir='ltr'>quicquid</span> <span class='ocrx_word' id='word_1_240' title='bbox 1743 2251 1820 2290; x_wconf 82' lang='lat'>156</span> 
     </span>
    </p>

    <p class='ocr_par' dir='ltr' id='par_1_12' title="bbox 30 2309 1708 2517">
     <span class='ocr_line' id='line_1_31' title="bbox 30 2309 1702 2376; baseline 0.005 -19"><span class='ocrx_word' id='word_1_241' title='bbox 30 2324 76 2358; x_wconf 80' lang='lat'>30</span> <span class='ocrx_word' id='word_1_242' title='bbox 96 2309 362 2373; x_wconf 86' lang='lat' dir='ltr'>interpatet</span> <span class='ocrx_word' id='word_1_243' title='bbox 409 2311 654 2360; x_wconf 91' lang='lat' dir='ltr'>interstitii</span> <span class='ocrx_word' id='word_1_244' title='bbox 691 2312 879 2376; x_wconf 89' lang='lat' dir='ltr'>proprii</span> <span class='ocrx_word' id='word_1_245' title='bbox 922 2313 1182 2375; x_wconf 86' lang='lat' dir='ltr'>partitione</span> <span class='ocrx_word' id='word_1_246' title='bbox 1227 2313 1522 2364; x_wconf 90' lang='lat' dir='ltr'>discernitur</span> <span class='ocrx_word' id='word_1_247' title='bbox 1560 2323 1607 2364; x_wconf 88' lang='lat' dir='ltr'>et</span> <span class='ocrx_word' id='word_1_248' title='bbox 1644 2315 1702 2365; x_wconf 86' lang='lat' dir='ltr'>ab</span> 
     </span>
     <span class='ocr_line' id='line_1_32' title="bbox 96 2378 1708 2450; baseline 0.004 -22"><span class='ocrx_word' id='word_1_249' title='bbox 96 2378 218 2428; x_wconf 88' lang='lat' dir='ltr'>orbe</span> <span class='ocrx_word' id='word_1_250' title='bbox 255 2379 417 2429; x_wconf 90' lang='lat' dir='ltr'>lunari</span> <span class='ocrx_word' id='word_1_251' title='bbox 462 2381 702 2431; x_wconf 83' lang='lat' dir='ltr'>interfusa</span> <span class='ocrx_word' id='word_1_252' title='bbox 740 2382 976 2431; x_wconf 88' lang='lat' dir='ltr'>medietas</span> <span class='ocrx_word' id='word_1_253' title='bbox 1014 2383 1309 2447; x_wconf 85' lang='lat' dir='ltr'>disparatur.</span> <span class='ocrx_word' id='word_1_254' title='bbox 1363 2386 1449 2434; x_wconf 91' lang='lat' dir='ltr'>sed</span> <span class='ocrx_word' id='word_1_255' title='bbox 1476 2387 1708 2450; x_wconf 89' lang='lat' dir='ltr'>superior</span> 
     </span>
     <span class='ocr_line' id='line_1_33' title="bbox 95 2451 1707 2517; baseline 0.005 -19"><span class='ocrx_word' id='word_1_256' title='bbox 95 2451 257 2514; x_wconf 90' lang='lat' dir='ltr'>portio</span> <span class='ocrx_word' id='word_1_257' title='bbox 295 2466 379 2500; x_wconf 90' lang='lat' dir='ltr'>eos</span> <span class='ocrx_word' id='word_1_258' title='bbox 415 2452 484 2500; x_wconf 88' lang='lat' dir='ltr'>sic</span> <span class='ocrx_word' id='word_1_259' title='bbox 522 2459 574 2500; x_wconf 90' lang='lat' dir='ltr'>ut</span> <span class='ocrx_word' id='word_1_260' title='bbox 612 2454 855 2516; x_wconf 89' lang='lat' dir='ltr'>conspicis</span> <span class='ocrx_word' id='word_1_261' title='bbox 883 2452 1062 2502; x_wconf 85' lang='lat' dir='ltr'>claudit</span> <span class='ocrx_word' id='word_1_262' title='bbox 1088 2469 1210 2517; x_wconf 91' lang='lat' dir='ltr'>quos</span> <span class='ocrx_word' id='word_1_263' title='bbox 1254 2453 1500 2517; x_wconf 72' lang='grc' dir='ltr'>ἡμιθέους</span> <span class='ocrx_word' id='word_1_264' title='bbox 1538 2457 1707 2506; x_wconf 90' lang='lat' dir='ltr'>dicunt</span> 
     </span>
    </p>
   </div>
   <div class='ocr_carea' id='block_1_3' title="bbox 97 2564 435 2570">
    <p class='ocr_par' dir='ltr' id='par_1_13' title="bbox 97 2564 435 2570">
     <span class='ocr_line' id='line_1_34' title="bbox 97 2564 435 2570; baseline 0 0"><span class='ocrx_word' id='word_1_265' title='bbox 97 2564 435 2570; x_wconf 95' lang='lat' dir='ltr'> </span> 
     </span>
    </p>
   </div>
   <div class='ocr_carea' id='block_1_4' title="bbox 95 2631 1708 2976">
    <p class='ocr_par' dir='ltr' id='par_1_14' title="bbox 95 2631 1708 2976">
     <span class='ocr_line' id='line_1_35' title="bbox 210 2631 1705 2692; baseline 0.005 -19"><span class='ocrx_word' id='word_1_266' title='bbox 210 2635 234 2673; x_wconf 83' lang='lat'>2</span> <span class='ocrx_word' id='word_1_267' title='bbox 267 2631 615 2687; x_wconf 59' lang='lat' dir='ltr'>Arrnflecque</span> <span class='ocrx_word' id='word_1_268' title='bbox 640 2635 722 2675; x_wconf 89' lang='lat' dir='ltr'>BD</span> <span class='ocrx_word' id='word_1_269' title='bbox 748 2632 769 2690; x_wconf 74' lang='lat' dir='ltr'>l]</span> <span class='ocrx_word' id='word_1_270' title='bbox 805 2638 831 2676; x_wconf 90' lang='lat'><strong>3</strong></span> <span class='ocrx_word' id='word_1_271' title='bbox 860 2636 982 2676; x_wconf 86' lang='lat' dir='ltr'>intra</span> <span class='ocrx_word' id='word_1_272' title='bbox 1001 2637 1122 2678; x_wconf 80' lang='lat' dir='ltr'>Vuzc.</span> <span class='ocrx_word' id='word_1_273' title='bbox 1146 2638 1268 2678; x_wconf 84' lang='lat' dir='ltr'>infra</span> <span class='ocrx_word' id='word_1_274' title='bbox 1290 2639 1373 2678; x_wconf 91' lang='lat' dir='ltr'>BD</span> <span class='ocrx_word' id='word_1_275' title='bbox 1401 2636 1419 2692; x_wconf 85' lang='grc' dir='ltr'>ΙΙ</span> <span class='ocrx_word' id='word_1_276' title='bbox 1452 2642 1477 2679; x_wconf 91' lang='grc'><strong>6</strong></span> <span class='ocrx_word' id='word_1_277' title='bbox 1511 2639 1705 2680; x_wconf 81' lang='lat' dir='ltr'>fession-</span> 
     </span>
     <span class='ocr_line' id='line_1_36' title="bbox 95 2687 1691 2751; baseline 0.006 -23"><span class='ocrx_word' id='word_1_278' title='bbox 95 2687 196 2729; x_wconf 83' lang='lat' dir='ltr'>lant</span> <span class='ocrx_word' id='word_1_279' title='bbox 224 2690 305 2731; x_wconf 90' lang='lat' dir='ltr'>BR</span> <span class='ocrx_word' id='word_1_280' title='bbox 334 2690 565 2731; x_wconf 84' lang='lat' dir='ltr'>fisiculant</span> <span class='ocrx_word' id='word_1_281' title='bbox 586 2691 609 2730; x_wconf 85' lang='lat' dir='ltr'>b</span> <span class='ocrx_word' id='word_1_282' title='bbox 650 2688 668 2744; x_wconf 88' lang='lat' dir='ltr'>[l</span> <span class='ocrx_word' id='word_1_283' title='bbox 718 2694 1029 2733; x_wconf 84' lang='lat' dir='ltr'>ammonentia.</span> <span class='ocrx_word' id='word_1_284' title='bbox 1050 2694 1131 2734; x_wconf 91' lang='lat' dir='ltr'>BR</span> <span class='ocrx_word' id='word_1_285' title='bbox 1178 2691 1196 2748; x_wconf 81' lang='grc' dir='ltr'>Η</span> <span class='ocrx_word' id='word_1_286' title='bbox 1246 2697 1269 2735; x_wconf 81' lang='grc'><strong>7</strong></span> <span class='ocrx_word' id='word_1_287' title='bbox 1301 2696 1508 2736; x_wconf 86' lang='lat' dir='ltr'>omnibus</span> <span class='ocrx_word' id='word_1_288' title='bbox 1531 2695 1632 2737; x_wconf 85' lang='lat' dir='ltr'>B¹R</span> <span class='ocrx_word' id='word_1_289' title='bbox 1668 2693 1691 2751; x_wconf 83' lang='grc' dir='ltr'><strong>Π</strong></span> 
     </span>
     <span class='ocr_line' id='line_1_37' title="bbox 95 2744 1708 2803; baseline 0.004 -17"><span class='ocrx_word' id='word_1_290' title='bbox 95 2746 123 2786; x_wconf 88' lang='grc'>8</span> <span class='ocrx_word' id='word_1_291' title='bbox 155 2751 415 2788; x_wconf 85' lang='lat' dir='ltr'>ammonent</span> <span class='ocrx_word' id='word_1_292' title='bbox 430 2748 511 2788; x_wconf 93' lang='lat' dir='ltr'>BR</span> <span class='ocrx_word' id='word_1_293' title='bbox 549 2744 567 2801; x_wconf 79' lang='grc' dir='ltr'>Η</span> <span class='ocrx_word' id='word_1_294' title='bbox 609 2749 661 2788; x_wconf 90' lang='grc'>10</span> <span class='ocrx_word' id='word_1_295' title='bbox 691 2747 876 2788; x_wconf 85' lang='lat' dir='ltr'>deorum</span> <span class='ocrx_word' id='word_1_296' title='bbox 894 2750 1178 2802; x_wconf 85' lang='lat' dir='ltr'>superiorum</span> <span class='ocrx_word' id='word_1_297' title='bbox 1201 2751 1237 2790; x_wconf 92' lang='lat' dir='ltr'><em>R</em></span> <span class='ocrx_word' id='word_1_298' title='bbox 1276 2747 1294 2803; x_wconf 83' lang='grc' dir='ltr'>Η</span> <span class='ocrx_word' id='word_1_299' title='bbox 1338 2753 1388 2792; x_wconf 86' lang='grc'>13</span> <span class='ocrx_word' id='word_1_300' title='bbox 1422 2757 1708 2794; x_wconf 82' lang='lat' dir='ltr'>ammonetur</span> 
     </span>
     <span class='ocr_line' id='line_1_38' title="bbox 97 2799 1674 2860; baseline 0.006 -19"><span class='ocrx_word' id='word_1_301' title='bbox 97 2799 181 2842; x_wconf 88' lang='lat' dir='ltr'>BR</span> <span class='ocrx_word' id='word_1_302' title='bbox 210 2799 228 2856; x_wconf 82' lang='grc' dir='ltr'>Η</span> <span class='ocrx_word' id='word_1_303' title='bbox 263 2805 314 2843; x_wconf 88' lang='grc'>21</span> <span class='ocrx_word' id='word_1_304' title='bbox 349 2803 564 2845; x_wconf 82' lang='lat' dir='ltr'>demonas</span> <span class='ocrx_word' id='word_1_305' title='bbox 588 2804 628 2843; x_wconf 88' lang='lat' dir='ltr'><em>B</em></span> <span class='ocrx_word' id='word_1_306' title='bbox 650 2804 899 2845; x_wconf 83' lang='lat' dir='ltr'>daemonas</span> <span class='ocrx_word' id='word_1_307' title='bbox 922 2806 959 2846; x_wconf 84' lang='lat' dir='ltr'><em>R</em></span> <span class='ocrx_word' id='word_1_308' title='bbox 996 2802 1016 2859; x_wconf 81' lang='grc' dir='ltr'>Η</span> <span class='ocrx_word' id='word_1_309' title='bbox 1057 2810 1196 2859; x_wconf 83' lang='lat' dir='ltr'>apotu</span> <span class='ocrx_word' id='word_1_310' title='bbox 1218 2807 1298 2847; x_wconf 87' lang='lat' dir='ltr'>BR</span> <span class='ocrx_word' id='word_1_311' title='bbox 1333 2804 1352 2860; x_wconf 79' lang='grc' dir='ltr'>Η</span> <span class='ocrx_word' id='word_1_312' title='bbox 1388 2810 1440 2848; x_wconf 84' lang='grc'>22</span> <span class='ocrx_word' id='word_1_313' title='bbox 1473 2809 1674 2850; x_wconf 78' lang='lat' dir='ltr'>de*men</span> 
     </span>
     <span class='ocr_line' id='line_1_39' title="bbox 99 2824 1708 2922; baseline 0.005 -24"><span class='ocrx_word' id='word_1_314' title='bbox 99 2854 151 2907; x_wconf 81' lang='lat' dir='ltr'>(y</span> <span class='ocrx_word' id='word_1_315' title='bbox 175 2871 288 2899; x_wconf 85' lang='lat' dir='ltr'>corr.</span> <span class='ocrx_word' id='word_1_316' title='bbox 315 2873 374 2900; x_wconf 77' lang='lat' dir='ltr'>ex</span> <span class='ocrx_word' id='word_1_317' title='bbox 402 2859 450 2914; x_wconf 89' lang='lat' dir='ltr'>u)</span> <span class='ocrx_word' id='word_1_318' title='bbox 482 2861 524 2901; x_wconf 92' lang='lat' dir='ltr'><em>B</em></span> <span class='ocrx_word' id='word_1_319' title='bbox 567 2860 791 2901; x_wconf 79' lang='lat' dir='ltr'>daemenu</span> <span class='ocrx_word' id='word_1_320' title='bbox 822 2862 859 2902; x_wconf 86' lang='lat' dir='ltr'><em>R</em></span> <span class='ocrx_word' id='word_1_321' title='bbox 895 2860 1149 2902; x_wconf 81' lang='lat' dir='ltr'>daeomenu</span> <span class='ocrx_word' id='word_1_322' title='bbox 1183 2877 1207 2902; x_wconf 88' lang='lat' dir='ltr'>r</span> <span class='ocrx_word' id='word_1_323' title='bbox 1260 2860 1279 2910; x_wconf 89' lang='grc' dir='ltr'>Η</span> <span class='ocrx_word' id='word_1_324' title='bbox 1339 2864 1483 2906; x_wconf 84' lang='lat' dir='ltr'>latine</span> <span class='ocrx_word' id='word_1_325' title='bbox 1521 2864 1622 2907; x_wconf 87' lang='lat' dir='ltr'>B¹R</span> <span class='ocrx_word' id='word_1_326' title='bbox 1667 2824 1708 2922; x_wconf 57' lang='grc' dir='ltr'><em>Ιῖ</em></span> 
     </span>
     <span class='ocr_line' id='line_1_40' title="bbox 99 2911 1517 2976; baseline 0.006 -24"><span class='ocrx_word' id='word_1_327' title='bbox 99 2911 164 2952; x_wconf 71' lang='lat'>27&#39;</span> <span class='ocrx_word' id='word_1_328' title='bbox 190 2915 491 2957; x_wconf 76' lang='lat' dir='ltr'>sublimantur</span> <span class='ocrx_word' id='word_1_329' title='bbox 517 2919 675 2970; x_wconf 78' lang='lat' dir='ltr'>scripsi</span> <span class='ocrx_word' id='word_1_330' title='bbox 704 2917 1015 2958; x_wconf 82' lang='lat' dir='ltr'>subuehantur</span> <span class='ocrx_word' id='word_1_331' title='bbox 1035 2920 1072 2958; x_wconf 90' lang='lat' dir='ltr'><em>R</em></span> <span class='ocrx_word' id='word_1_332' title='bbox 1103 2919 1387 2960; x_wconf 85' lang='lat' dir='ltr'>subueantur</span> <span class='ocrx_word' id='word_1_333' title='bbox 1408 2921 1449 2960; x_wconf 90' lang='lat' dir='ltr'><em>B</em></span> <span class='ocrx_word' id='word_1_334' title='bbox 1498 2919 1517 2976; x_wconf 80' lang='grc' dir='ltr'>Η</span> 
     </span>
    </p>
   </div>
  </div>
 </body>
</html>
