1982 3230
278 140 379 192 156
519 186 523 190 ,
757 141 1058 182 MARTIANI
1089 140 1410 183 CAPELLAE

276 284 325 330 in
362 283 552 344 agentis
586 280 790 330 consilio
826 280 957 330 aliud
983 283 1034 330 in
1071 282 1263 339 uerbis,
1312 290 1368 333 ut
1401 285 1441 332 si
1475 283 1602 334 bene
1649 285 1881 335 meritum

274 352 447 401 laudes
473 366 530 400 ac
557 353 755 400 noxium
778 367 994 402 accuses.
1046 352 1254 410 subtilis,
1283 369 1392 403 cum
1417 354 1546 404 aliud
1568 354 1672 404 uult
1688 349 1882 406 animus

276 422 407 470 aliud
445 423 543 485 agit
581 423 737 470 oratio
772 428 827 471 ut
862 423 1079 487 ‘quidam
1115 422 1310 472 abdicat
1335 424 1490 474 filium
1528 425 1659 489 quod
1697 427 1882 476 amicos

276 507 376 540 non
404 491 623 541 habeat’.
674 492 755 541 hic
781 507 880 541 non
906 508 1028 543 uere
1064 493 1257 543 abdicat
1291 494 1375 544 sed
1403 502 1456 543 ut
1493 497 1678 544 amicos
1703 495 1883 545 habeat

275 569 444 612 terret.
519 563 755 627 figuratus
791 570 886 620 est,
926 579 1038 613 cum
1085 571 1254 628 aperte
1290 565 1407 630 quid
1443 566 1608 615 (licere
1651 565 1882 629 prohibet
1922 579 1944 612 ⁵

279 633 574 682 uerecundia
612 640 819 697 propter
855 633 1067 683 obscena
1107 642 1155 684 et
1197 636 1553 697 significatione
1599 635 1691 685 alia
1735 645 1882 700 atque

275 705 622 767 integumentis
649 706 823 753 uestita
850 711 1204 754 monstrantur.
1243 705 1434 755 oblicus
1462 713 1551 762 est,
1581 722 1693 755 cum
1722 711 1882 756 metus

275 775 480 838 impedit
515 774 695 839 aliquid
730 775 896 824 dicere
931 775 1085 825 libere
1112 783 1159 824 et
1197 792 1288 841 per
1314 777 1552 839 quosdam
1578 776 1713 826 fandi
1747 778 1882 836 cuni-

277 844 413 894 culos
440 845 696 894 obicienda
734 852 1065 895 monstramus
1091 852 1144 895 ut
1168 847 1218 894 in
1244 847 1338 895 hoc
1375 850 1644 912 etyrannus
1669 849 1754 912 qui
1788 847 1880 896 sub

275 914 540 964 abolitione
565 916 876 980 tyrannidem
902 923 1149 980 posuerat,
1178 917 1371 966 fortiter
1395 917 1527 967 fecit.
1590 919 1713 982 petit
1737 932 1880 982 prae·
1904 931 1944 963 ιο

276 987 362 1033 mii
396 986 595 1035 nomine
640 1001 892 1035 armorum
931 988 1158 1051 arcisque
1204 988 1491 1037 custodiam.
1567 989 1881 1051 magistratus

277 1062 446 1104 contra
474 1056 678 1106 dicunt'.
710 1058 890 1105 mixtus
917 1064 1078 1106 autem
1106 1073 1166 1106 ex
1191 1064 1403 1122 utroque
1430 1060 1743 1123 componitur
1769 1073 1883 1108 cum

278 1133 325 1175 et
360 1127 519 1190 pudor
558 1135 604 1176 et
639 1133 798 1176 metus
834 1128 1038 1191 impedit
1075 1127 1354 1178 libertatem
1392 1135 1446 1176 ut
1479 1131 1771 1193 ‘tyrannus‚
1799 1129 1884 1192 qui

277 1197 401 1246 duos
426 1197 551 1246 filios
578 1197 773 1254 habuit,
815 1212 1026 1261 quorum
1053 1200 1138 1246 uni
1163 1214 1313 1255 uxor,
1353 1200 1403 1246 in
1430 1214 1525 1263 qua
1551 1199 1746 1248 infamis
1771 1199 1879 1255 fuit,

277 1270 418 1316 cuius
444 1269 648 1316 maritus
682 1284 734 1317 se
769 1269 1045 1332 suspendit,
1075 1272 1206 1333 cogit
1232 1269 1441 1319 alterum
1467 1268 1619 1318 filium
1658 1285 1765 1318 eam
1793 1269 1881 1318 du·
1905 1281 1947 1314 15

161 1353 242 1391 471
279 1353 407 1387 cere.
485 1345 654 1387 contra
684 1339 834 1388 dicit'.
908 1339 988 1387 hic
1016 1354 1116 1388 non
1142 1342 1380 1389 incestum
1410 1338 1563 1388 libere
1600 1354 1692 1389 nec
1717 1346 1882 1404 tyran-

277 1409 441 1456 nidem
472 1415 630 1471 potest
657 1409 871 1458 obicere.
924 1410 975 1457 hi
1001 1415 1115 1457 sunt
1141 1410 1315 1458 ductus
1342 1410 1602 1459 artificiose
1640 1410 1881 1459 tractandi

278 1485 325 1527 et
351 1494 440 1542 per
467 1485 618 1526 totam
656 1481 926 1528 orationem
967 1479 1210 1528 subtiliter
1237 1480 1553 1528 diffundendi.
1630 1481 1713 1542 qui
1749 1495 1774 1528 a
1803 1495 1882 1527 co-

121 1563 255 1602 1546
277 1547 381 1597 lore
407 1549 502 1598 hoc
540 1557 831 1613 separantur
858 1551 989 1612 quod
1018 1549 1154 1598 color
1180 1550 1228 1597 in
1267 1565 1363 1598 una
1392 1556 1583 1598 tantum
1611 1556 1765 1612 parte,
1794 1550 1882 1598 du·
1969 1552 1976 1559 ’

278 1625 385 1668 ctus
410 1621 458 1666 in
487 1626 586 1667 tota
614 1635 756 1668 causa
786 1626 1030 1669 seruatur.
1905 1632 1946 1665 2⁰

162 1704 244 1744 472
419 1690 603 1738 Ductus
623 1691 868 1754 reperitur
891 1705 948 1738 ex
977 1691 1225 1739 causatiuo
1251 1689 1348 1738 litis
1369 1690 1464 1739 hoc
1485 1696 1558 1739 est
1579 1706 1638 1739 ex
1662 1705 1729 1748 re,
1757 1705 1884 1753 quae

278 1762 667 1809 controuersiam
710 1761 848 1816 facit,
885 1776 1011 1824 quae
1048 1767 1131 1810 aut
1169 1761 1421 1824 praeteriti
1458 1762 1697 1824 temporis
1722 1768 1795 1810 est
1829 1766 1884 1809 ut

277 1834 359 1882 ‘an
379 1833 576 1879 Aiacem
596 1830 758 1880 Vlixes
785 1832 1036 1879 occiderit'
1063 1846 1188 1894 quae
1210 1831 1408 1880 ductum
1432 1831 1705 1894 simplicem
1731 1837 1881 1880 tenet.

277 1907 360 1949 aut
393 1903 433 1948 si
461 1902 732 1964 praesentis
759 1900 838 1950 uel
866 1901 1018 1949 futuri
1043 1903 1282 1964 temporis
1307 1901 1479 1955 fuerit,
1509 1916 1680 1950 omnes
1706 1899 1884 1949 ductus

278 1971 504 2021 admittit.
582 1986 701 2035 ergo
727 1971 902 2020 ductus
930 1972 989 2020 de
1026 1972 1230 2020 consilio
1267 1973 1499 2026 nascitur,
1539 1970 1795 2020 consilium
1823 1986 1884 2020 ex
1904 1982 1947 2016 25

223 2040 226 2042 ’
279 2042 529 2090 causatiuo
553 2041 650 2089 litis
677 2043 912 2091 exoritur.
968 2044 1288 2090 *causatiuum
1318 2050 1413 2098 est,
1443 2041 1573 2104 quod
1602 2041 1717 2089 facit
1742 2040 1884 2090 dubi-

278 2113 535 2166 tationem,
576 2113 703 2160 utin
738 2111 820 2159 illo
857 2113 1050 2176 tyranni
1089 2113 1395 2161 causatiuum
1431 2111 1526 2160 litis
1553 2111 1775 2175 estquod
1809 2117 1883 2175 ty-

279 2195 464 2229 rannus
490 2181 798 2246 <custodiam
826 2187 874 2230 et
899 2183 1025 2230 arcis
1050 2182 1263 2244 postulat
1289 2189 1336 2230 et
1361 2196 1628 2230 armorum.
1682 2182 1883 2230 ductum

279 2258 528 2300 seruatum
567 2257 772 2300 testatur
799 2251 956 2315 prima
983 2251 1280 2314 Philippica,
1310 2267 1434 2314 quae
1469 2254 1595 2300 mira
1620 2250 1883 2300 subtilitate

280 2322 584 2371 dominatum
601 2323 795 2370 Antonii
817 2321 1025 2370 latenter
1045 2320 1294 2370 insimulat
1311 2328 1365 2369 ut
1385 2322 1545 2369 omnia
1571 2321 1741 2370 dicens
1760 2319 1881 2369 nihil
1901 2333 1944 2366 30

279 2407 454 2456 aspere
482 2392 663 2441 dixisse
690 2392 929 2441 uideatur.

159 2478 247 2517 473
419 2463 506 2511 His
557 2462 785 2511 omnibus
831 2462 1118 2526 conquisitis
1157 2468 1445 2525 argumenta
1491 2461 1700 2510 uidenda
1751 2468 1878 2517 sunt,

280 2533 459 2596 quibus
497 2532 557 2581 ad
597 2534 897 2597 quaestionis
941 2532 1223 2596 ambiguum
1270 2532 1392 2581 fides
1435 2531 1597 2581 ualeat
1641 2530 1877 2580 adhiberi.

278 2603 398 2652 fides
427 2611 589 2652 autem
625 2602 783 2653 tribus
809 2603 861 2651 fit
886 2602 1069 2651 modis:
1108 2602 1412 2651 conciliando
1439 2602 1661 2650 docendo
1687 2615 1885 2665 permo-

392 2745 418 2784 3
455 2744 574 2783 ratio
602 2745 641 2783 R
696 2740 714 2795 Η
772 2745 796 2783 7
842 2746 1154 2783 monstrantur
1180 2743 1374 2782 Halmius
1410 2744 1688 2782 monstratur
1716 2741 1798 2780 BR
1846 2738 1854 2792 Ι

275 2800 300 2838 8
331 2800 461 2839 fundi
482 2798 583 2839 B¹R
629 2796 648 2852 Ι]
697 2802 723 2838 9
756 2799 999 2839 abicienda
1020 2798 1102 2838 BR
1132 2812 1245 2839 corr.
1264 2812 1296 2850 p
1346 2795 1364 2851 Η
1414 2800 1466 2837 10
1497 2798 1615 2848 petit
1645 2810 1722 2837 om.
1746 2795 1805 2835 B¹
1845 2793 1852 2849 1

277 2857 328 2895 18
361 2868 388 2894 a
410 2869 486 2896 om.
509 2854 610 2895 B¹R
650 2852 668 2908 Ι]
709 2858 760 2895 21
794 2855 1110 2908 repperiturR
1149 2851 1167 2907 Η
1206 2856 1260 2894 23
1291 2853 1498 2894 uxilesR
1537 2857 1555 2906 Η
1595 2853 1647 2892 26
1681 2853 1882 2892 causati-

273 2921 379 2949 uum
411 2911 508 2951 litis
542 2918 614 2950 est
648 2913 671 2950 b
720 2909 740 2965 1]
788 2912 842 2951 34
883 2910 1167 2951 consiliando
1187 2909 1244 2948 B¹
1285 2907 1304 2962 ΙΙ
