1982 3230
31 133 64 164 Ξ,
114 147 118 152 ,
759 102 946 144 LIBER
975 101 1045 143 111
1643 101 1711 156 77

97 247 378 298 accusatiuo
414 244 526 294 Iun
551 242 739 310 laun>
766 248 815 292 et
842 244 1018 293 ceteris
1045 243 1241 294 casibus
1268 241 1505 302 similiter,
1536 259 1709 310 quam-

99 331 245 382 quam
273 314 543 366 cosuetudo
569 314 697 363 hanc
734 314 794 363 Io
822 314 964 368 dicat.
1004 314 1186 364 turbo
1221 315 1261 364 si
1287 329 1468 364 nomen
1495 323 1568 364 est
1593 330 1710 380 pro-

96 388 286 452 prium,
313 392 369 435 ut
403 386 622 435 Cicero
660 383 956 444 declinatur,
994 386 1034 434 si
1061 391 1223 434 autem
1264 387 1366 434 uim
1399 386 1532 435 uenti
1559 387 1709 449 signi-

98 457 214 507 fices
241 465 324 506 aut
358 454 563 520 puerilis
588 454 691 504 ludi
717 455 1117 511 instrumentum,
1155 461 1209 504 ut
1234 455 1460 519 cupido
1496 455 1709 506 declina-

25 533 29 538 '
51 535 79 569 ὅ
99 534 196 577 tur.
272 528 310 576 V
335 525 496 575 littera
523 531 713 576 tantum
740 532 914 574 neutra
939 526 1178 574 finiuntur
1204 530 1259 575 ut
1292 540 1486 575 cornu
1523 542 1633 577 uer
1650 543 1708 585 u,

15 640 19 647 .
98 597 230 661 quod
256 597 306 646 in
331 595 510 662 plurali
537 596 650 645 facit
676 611 885 646 uerua.
925 595 1057 660 apud
1082 601 1280 645 ueteres
1307 597 1454 645 etiam
1482 611 1708 660 specua

99 667 342 718 dicebant.
403 667 581 716 horum
617 667 872 715 nominum
910 664 1124 729 plurales
1151 664 1503 717 declinationes
1540 673 1712 716 carent

97 737 415 787 dubitatione.
461 752 576 786 nam
604 742 704 786 tres
732 751 873 786 casus
900 743 955 785 ut
980 737 1030 785 in
1057 735 1286 786 omnibus
1311 738 1501 786 neutris
1527 736 1711 787 similes

95 814 235 865 sunt,
275 809 391 858 item
429 808 621 856 datiuus
657 813 704 856 et
731 806 973 856 ablatiuus
1011 808 1063 855 in
1101 819 1206 858 Bvs
1239 806 1476 872 syllabam
1512 815 1708 866 exeunt,

15 862 78 932 ‘ao
98 878 294 928 datiuus
320 884 368 927 et
394 877 637 927 ablatiuus
672 877 933 941 singularis
959 879 1007 926 in
1037 878 1252 941 genitiuo
1288 877 1468 942 plurali
1493 890 1577 927 VM
1614 878 1710 943 syl·

95 947 259 999 labam
285 950 456 1013 iungit.
507 949 759 1013 quaeritur
785 955 947 997 autem
976 948 1036 997 de
1062 948 1277 1012 genitiuo
1304 948 1540 1012 singulari
1563 963 1709 1013 quem

17 1067 25 1075 ,
101 1017 182 1068 alii
208 1021 258 1068 in
284 1031 354 1070 Vs
382 1018 461 1068 alii
486 1020 535 1067 in
561 1019 599 1066 V
624 1018 835 1067 litteram
862 1025 1094 1081 egerunt,
1122 1034 1216 1068 nec
1240 1033 1339 1068 non
1367 1019 1533 1069 datiuo
1561 1034 1709 1084 quem

97 1088 177 1139 alii
202 1091 252 1138 in
278 1089 299 1139 l
327 1098 477 1153 agunt
505 1095 556 1137 ut
591 1090 779 1151 genui
814 1089 1063 1146 cornui,
1105 1089 1303 1154 quidam
1331 1096 1527 1140 ueteres
1553 1091 1710 1139 secuti

98 1159 312 1210 ablatiuo
357 1159 566 1209 similem
602 1159 789 1208 faciunt
826 1158 967 1208 huic
1006 1174 1164 1223 genu
1202 1174 1425 1217 cornu,
1476 1161 1708 1223 quoniam

33 1246 75 1281 15
98 1229 355 1294 pluraliter
410 1245 478 1294 ge
495 1229 612 1278 nub
631 1245 698 1278 us
752 1235 800 1278 et
844 1244 948 1279 cor
964 1229 1165 1279 nubus
1217 1231 1494 1294 amissaque
1537 1229 1707 1280 ultima

97 1299 282 1365 syllaba
320 1298 613 1365 relinquitur
640 1299 836 1349 datiuus
861 1299 1123 1363 singularis
1148 1300 1274 1349 sicut
1298 1301 1352 1349 fit
1376 1301 1425 1349 in
1463 1300 1709 1351 ciuibus

97 1376 146 1420 et
180 1369 506 1427 suauibUS,
547 1376 593 1420 et
627 1369 874 1434 quomodo
910 1369 1182 1433 genibus
1219 1376 1267 1420 et
1305 1370 1601 1421 cornibus
1637 1371 1709 1421 di-

97 1441 266 1498 cimuS,
294 1441 315 1490 Ι
340 1440 501 1490 littera
526 1440 575 1489 in
602 1439 765 1490 locum
793 1442 832 1490 V
857 1439 1051 1490 litterae
1078 1442 1268 1498 transit,
1300 1448 1348 1492 et
1372 1443 1441 1491 sic
1462 1448 1516 1491 ut
1542 1443 1671 1507 opti
1688 1470 1709 1480 -

96 1525 254 1560 mum
306 1518 353 1561 et
390 1511 711 1560 maximum
756 1512 874 1560 item
921 1511 1129 1561 dicimus
1177 1527 1288 1562 cum
1335 1519 1619 1576 optumus
1663 1520 1710 1563 et

28 1601 75 1637 20
96 1596 411 1631 maxumus
447 1581 712 1631 diceretur.
780 1588 894 1630 sunt
920 1580 1070 1646 aliqui
1098 1583 1182 1647 qui
1214 1583 1434 1645 genitiuo
1462 1598 1577 1633 casu
1605 1597 1705 1646 ge-

97 1653 238 1702 nuis
276 1659 323 1702 et
363 1653 619 1702 cornuis
658 1652 837 1707 dicant,
874 1651 961 1701 sed
998 1667 1097 1701 non
1134 1652 1283 1703 debet
1321 1653 1568 1716 genitiuus
1594 1652 1706 1718 plus

96 1722 282 1773 habere
307 1721 519 1788 syllabas
546 1737 690 1785 quam
719 1722 915 1772 datiuus
942 1727 988 1772 et
1014 1722 1273 1773 ablatiuuS.
1335 1723 1561 1788 quamuis
1589 1738 1706 1788 ergo

97 1791 347 1843 dissimilia
376 1794 474 1843 sint
500 1799 753 1842 senatus
779 1798 828 1842 et
854 1794 1194 1849 exercitus,
1224 1800 1389 1861 tamen
1416 1795 1487 1842 sic
1514 1808 1708 1856 genus

98 1869 146 1912 et
186 1878 416 1913 cornus
450 1863 668 1927 genitiuo
701 1862 965 1912 dicendum
1004 1868 1077 1931 est
1102 1879 1250 1928 quem
1286 1864 1347 1913 ad
1374 1864 1576 1914 modum
1614 1880 1708 1914 se-

32 1951 76 1986 25
98 1939 279 1983 natus
324 1940 372 1983 et
415 1934 752 1983 exercitus,
827 1939 1086 1996 praeterea
1122 1948 1463 1999 quaecumque
1507 1936 1707 1984 nomina

99 2002 178 2054 uel
202 2005 459 2069 participia
496 2004 711 2067 genitiuo
749 2003 983 2067 singulari
1009 2005 1059 2053 in
1085 2017 1137 2056 IS
1167 2012 1372 2061 exeunt,
1402 2005 1570 2055 datiuo
1595 2005 1705 2070 plu-

97 2073 190 2124 rali
214 2073 397 2139 syllaba
426 2080 654 2123 crescunt
679 2079 734 2123 ut
760 2075 1014 2125 Catonis
1042 2075 1403 2134 Catonibus,
1432 2076 1706 2126 secundum

96 2158 243 2209 quam
286 2146 527 2194 rationem
566 2146 607 2193 si
651 2150 778 2194 esset
814 2145 1036 2209 genuis
1072 2147 1349 2203 cornuis,
1388 2161 1501 2210 gen
1520 2147 1705 2196 uibus

97 2215 316 2272 fecisset,
344 2221 399 2265 ut
424 2214 607 2279 syllaba
635 2222 897 2265 cresceret.
974 2216 1012 2265 L
1038 2215 1199 2266 littera
1227 2218 1428 2267 nomina
1454 2218 1587 2267 finita
1615 2218 1703 2268 du-

34 2305 80 2339 30
100 2284 281 2350 plicem
311 2285 520 2335 formam
545 2284 746 2336 habent.
821 2287 978 2350 prima
1005 2288 1146 2336 estin
1174 2303 1269 2352 qua
1296 2287 1567 2338 masculina
1594 2294 1708 2338 sunt

95 2361 149 2404 ut
183 2355 450 2405 Annibal
485 2355 796 2406 Asdrubal
840 2372 1001 2421 neque
1048 2357 1138 2406 alia
1175 2358 1278 2407 sere
1318 2359 1521 2423 propria
1559 2374 1709 2422 quam

95 2425 280 2475 Punica
301 2431 506 2491 excepto
530 2426 656 2476 Solis
682 2427 898 2485 nomine,
926 2429 1042 2477 item
1070 2427 1303 2478 feminina
1328 2435 1383 2478 ut
1402 2428 1479 2478 Ta
1496 2443 1525 2477 n
1540 2444 1564 2477 a
1580 2428 1708 2493 quil

94 2509 277 2546 nomen
304 2495 660 2554 Etruscum,
689 2503 738 2546 et
764 2499 1043 2548 communia
1071 2504 1127 2547 ut
1159 2498 1319 2564 uigil
1354 2498 1552 2563 pugil,
1582 2514 1708 2563 quae

207 2653 236 2692 4
280 2654 580 2692 strumentum
610 2650 713 2692 B¹R
775 2648 795 2705 Η
860 2654 912 2693 10
953 2652 1004 2693 in
1048 2654 1255 2707 genitiuo
1300 2652 1471 2706 plurali
1517 2667 1594 2696 om.
1627 2653 1709 2697 BR

29 2714 40 2724 ·
97 2708 197 2749 add.
231 2709 262 2749 cl
315 2705 334 2761 [Ι
388 2721 462 2748 um
494 2708 535 2748 B
573 2708 633 2748 im
665 2709 703 2748 R
758 2705 777 2761 ΙΙ
835 2709 886 2748 12
932 2708 1018 2749 alii
1047 2710 1095 2749 in
1128 2710 1145 2749 i
1181 2709 1386 2750 litteram
1416 2710 1458 2749 B
1503 2709 1710 2751 litteram

97 2766 259 2809 omissis
288 2766 443 2805 celeris
473 2766 510 2805 R
549 2764 631 2804 alii
662 2764 708 2804 in
740 2764 779 2804 is
810 2763 1039 2816 syllabam
1068 2766 1108 2805 Ι)
1171 2762 1190 2819 Η
1256 2768 1307 2807 13
1353 2764 1537 2818 quidam
1567 2767 1591 2807 b
1631 2768 1711 2820 qui

98 2809 180 2861 BR
217 2816 238 2874 [Ι
286 2820 337 2861 15
368 2820 576 2873 genubus
608 2824 654 2862 et
685 2821 915 2861 cornubus
937 2821 1018 2862 BR
1048 2822 1243 2874 genibus
1266 2824 1313 2862 et
1335 2823 1551 2864 cornibus
1583 2823 1634 2864 br

102 2874 155 2917 18
182 2873 370 2917 litterae
392 2890 469 2918 om.
494 2877 531 2917 R
569 2874 588 2930 ΙΙ
627 2877 814 2918 transiit
836 2877 872 2918 R
910 2874 930 2930 ΙΙ
971 2881 1017 2918 et
1038 2891 1115 2921 om.
1138 2879 1176 2919 R
1214 2876 1234 2932 Η
1274 2881 1325 2920 31
1359 2878 1583 2922 hannibal
1604 2881 1642 2921 R

1742 533 1825 573 293

1744 605 1800 642 73
1820 602 1857 644 G

1737 2226 1822 2267 294
