1982 3230
9 0 67 146 ἐι
100 59 101 66 '
477 97 496 148 χ
729 86 919 128 menn
946 86 1043 129 1111
1512 58 1514 60 ’
1600 77 1702 131 109

102 230 233 298 quod
257 231 416 295 ipsum
443 227 563 279 nulli
589 229 767 279 accidit
792 227 873 278 alii
906 226 1319 294 inseparabiliter,
1348 227 1393 275 ei
1419 229 1583 275 tamen
1609 222 1701 273 alia

101 301 346 358 accidunt,
372 306 427 350 ut
451 300 676 351 Cicero
715 306 789 349 est
815 314 916 349 non
941 314 1123 349 nomen
1148 298 1235 348 sed
1261 296 1392 363 quod
1419 312 1478 346 eo
1503 295 1703 346 nomine

100 372 412 438 significatur.
486 381 565 420 DE
592 381 876 421 SVBIECTO
905 376 978 419 est
1003 370 1133 436 quod
1162 369 1223 418 de
1247 370 1356 433 ipso
1383 366 1603 417 subiecto
1630 365 1703 416 di·

103 445 230 494 citur
254 449 302 492 et
327 441 409 492 dat
434 442 477 491 ei
503 446 552 490 et
578 440 911 491 definitionem
953 455 1090 490 suam
1119 447 1168 490 et
1201 454 1384 489 nomen
1420 444 1474 487 ut
1508 438 1701 487 homo.

57 526 79 560 ⁶
103 529 216 565 nam
242 519 290 563 et
325 511 500 562 homo
527 512 700 562 Cicero
728 519 777 561 et
811 510 1037 562 animal
1075 509 1391 560 rationale
1426 508 1703 558 mortale.

99 586 165 636 ita
203 589 251 634 et
286 598 468 632 nomen
518 588 565 632 et
603 583 844 639 definitio,
884 598 1010 648 quae
1048 588 1122 631 est
1159 581 1220 631 de
1257 579 1505 638 subiecto,
1546 579 1704 629 eidem

98 653 319 705 subiecto
346 655 577 710 accessit;
605 653 815 719 ideoque
840 653 951 710 hoc,
980 652 1111 718 quod
1134 651 1194 701 de
1222 648 1482 716 subiecto>
1508 649 1703 705 dicitur,

96 727 148 774 in
185 724 452 788 generibus
477 723 557 774 uel
590 724 640 773 in
676 724 846 773 formis
880 725 1148 774 inuenitur.
1224 734 1285 772 IN
1312 731 1596 773 SUBIECTO
1633 729 1707 771 est

76 795 230 862 =quod
264 810 424 861 neque
462 809 645 845 nomen
679 810 840 860 neque
867 795 1203 844 definitionem
1242 793 1325 843 dat
1358 791 1582 842 subiecto
1620 792 1706 841 sed

19 868 151 920 amin
175 867 283 932 ipso
320 866 542 916 subiecto
567 867 635 915 ita
672 880 780 915 esse
816 865 1119 930 intellegitur
1144 871 1198 914 ut
1233 866 1340 914 sine
1369 880 1426 913 eo
1463 878 1570 912 esse
1607 878 1707 911 non

19 975 22 978 -
99 939 254 1003 possit
287 943 343 987 ut
379 938 723 986 rhetorica.
787 952 901 985 nam
928 952 1020 986 nec
1055 951 1238 985 nomen
1266 937 1368 985 eius
1398 940 1562 998 potest
1591 933 1704 983 sub·

85 1009 280 1058 'iectum
306 1010 532 1072 recipere
559 1023 651 1056 1166
678 1008 1027 1057 definitionem.
1103 1022 1263 1072 neque
1291 1007 1421 1056 enim
1447 1011 1532 1055 aut
1566 1004 1706 1054 rhe—

102 1080 301 1128 torica
347 1078 518 1128 Cicero
562 1086 645 1127 aut
694 1077 849 1127 bene
896 1078 1146 1127 dicendi
1190 1078 1462 1127 scientia
1506 1075 1703 1125 Cicero:

101 1151 152 1199 in
188 1164 245 1198 eo
285 1155 448 1199 autem
483 1147 784 1213 intellegitur
820 1165 932 1198 cum
968 1150 1015 1198 id
1052 1150 1158 1213 ipse
1194 1149 1363 1198 uocari
1401 1163 1499 1195 non
1534 1148 1704 1212 possit.

38 1230 81 1264 15
102 1219 231 1270 aliud
267 1227 340 1269 est
375 1219 436 1269 de
471 1219 691 1269 subiecto
731 1219 862 1268 aliud
895 1221 946 1268 in
986 1219 1224 1270 subiecto,
1300 1220 1349 1267 in
1384 1218 1606 1267 subiecto
1634 1225 1707 1266 est

103 1289 451 1354 disciplina.
515 1305 627 1339 nam
656 1289 827 1338 eadem
865 1290 1231 1340 rhetoricae
1269 1290 1329 1339 de
1365 1288 1589 1338 subiecto
1617 1296 1705 1343 est,

103 1360 392 1411 Ciceroni
425 1362 476 1409 in
512 1360 754 1410 subiecto.
830 1372 1012 1410 PRIMA
1042 1375 1160 1424 ergo
1189 1370 1552 1412 SVBSTANTIA
1590 1359 1707 1408 sub-

100 1433 284 1482 iectum
319 1438 418 1489 est,
457 1442 724 1482 SECVNDA
758 1446 884 1497 quae
921 1432 982 1480 de
1024 1433 1131 1496 ipsa
1157 1433 1317 1498 prima
1356 1431 1534 1480 dicitur
1569 1437 1625 1480 ut
1649 1432 1710 1479 sit

104 1502 322 1553 Cicero
342 1503 502 1567 prima
520 1502 806 1560 substantia,
829 1502 966 1552 hom
981 1518 1009 1550 o
1037 1510 1086 1551 et
1111 1502 1331 1552 animal
1352 1502 1582 1553 secunda.
1611 1503 1708 1551 iam

37 1583 82 1617 ao
104 1574 155 1622 in
179 1571 399 1622 subiecto
427 1587 599 1623 omnes
625 1579 984 1639 consequentes
1010 1574 1403 1639 praedicationes
1430 1588 1537 1623 esse
1562 1572 1707 1622 intel-

103 1643 356 1708 leguntur,
401 1645 566 1708 itaque
603 1644 663 1693 de
712 1642 918 1708 singulis
961 1645 1232 1694 uideamus.
1309 1644 1423 1710 quid
1470 1643 1708 1710 qualitas?

105 1725 393 1775 QVALtTAS
446 1721 541 1769 est,
592 1714 864 1764 secundum
915 1731 1060 1780 quam
1104 1716 1312 1764 dicimus
1350 1714 1494 1779 quale
1541 1721 1614 1763 est
1656 1720 1711 1764 ut

106 1785 349 1834 candor.
426 1791 474 1834 et
500 1800 559 1834 ex
585 1786 682 1834 1166
707 1784 928 1849 intellegi
963 1785 1078 1835 licet
1113 1794 1161 1835 et
1186 1785 1469 1851 qualitatem
1503 1788 1555 1834 in
1593 1784 1710 1836 sub-

105 1856 234 1903 iecto
261 1870 391 1912 esse,
421 1870 534 1904 cum
560 1856 745 1905 candor
771 1858 1051 1906 necessario
1085 1858 1137 1905 in
1164 1856 1326 1925 aliquo
1355 1858 1443 1914 sit,
1480 1858 1586 1906 sine
1612 1872 1709 1922 quo

28 1934 87 1990 „85
109 1939 215 1975 esse
251 1940 351 1974 11611
389 1927 565 1990 possit:
605 1927 773 1992 utique
807 1927 968 1991 ipsum
1007 1926 1212 1992 aliquid,
1252 1930 1303 1977 in
1331 1943 1427 1992 quo
1466 1935 1554 1986 est,
1594 1927 1709 1977 sub—

107 1997 286 2046 iectum
324 2002 411 2046 est.
487 1997 601 2062 quid
639 1998 917 2062 quantitas?
956 2010 1282 2058 QVANTITAS
1311 2006 1399 2057 est,
1436 1999 1708 2049 secundum

1739 1226 1820 1266 362

1731 1622 1813 1662 106
1827 1620 1863 1662 G

1769 1677 1853 1720 363

107 2081 251 2132 quam
277 2066 484 2116 dicimus
509 2076 744 2132 quantum
773 2075 846 2118 est
873 2074 925 2118 ut
967 2068 1272 2133 bipedale.
1351 2071 1497 2119 etiam
1532 2072 1623 2119 ista
1662 2072 1709 2120 in
1783 2076 1794 2080 '⁷

106 2136 326 2187 subiecto
361 2137 580 2202 intellegi
624 2154 827 2188 necesse
863 2145 952 2189 est.
992 2140 1110 2205 quid
1138 2139 1432 2190 relatiuum‘?
1468 2152 1707 2191 RELATJ—

103 2219 226 2257 VVM
253 2215 349 2264 est,
378 2209 508 2273 quod
535 2209 596 2258 ad
633 2209 813 2275 aliquid
849 2218 1029 2260 uocant
1073 2217 1126 2260 ut
1160 2218 1337 2276 pater
1373 2213 1587 2262 frater.
1665 2221 1712 2261 et

217 2377 244 2417 8
275 2377 385 2428 quid
413 2378 475 2418 sit
505 2378 762 2420 subiectum
793 2386 892 2421 ante
922 2381 971 2420 in
991 2382 1203 2422 subiecto
1234 2383 1334 2422 add.
1355 2382 1439 2423 BR
1476 2378 1497 2436 Η
1539 2383 1590 2423 10
1619 2395 1712 2424 11611

106 2432 253 2485 possit
279 2434 318 2474 R
354 2446 445 2474 non
474 2437 623 2487 possit
651 2448 752 2476 esse
780 2451 804 2477 r
851 2433 870 2491 Η
922 2439 971 2477 11
1009 2438 1240 2478 rethorica.
1269 2438 1352 2479 BR
1400 2435 1405 2492 Ι
1471 2440 1521 2478 12
1558 2439 1712 2481 retho-

106 2490 206 2530 rica
235 2488 278 2529 B
325 2486 344 2544 Η
395 2492 447 2530 14
489 2493 593 2531 mire
634 2493 806 2533 turbata
835 2495 939 2534 Izaec
969 2495 1066 2534 inde
1097 2508 1124 2534 a
1158 2495 1365 2536 Vulcanio
1426 2492 1433 2549 Ι
1483 2507 1586 2536 6886
1612 2503 1714 2549 post

109 2558 164 2587 eo
185 2547 287 2587 add.
308 2560 333 2587 r
371 2543 390 2601 Η
431 2548 484 2588 15
516 2547 625 2599 quid
647 2547 702 2588 de
726 2549 769 2597 (e
790 2549 846 2602 R)
879 2550 1085 2591 subiecto
1109 2555 1156 2591 et
1176 2551 1224 2590 in
1245 2551 1456 2592 subiecto
1480 2555 1551 2591 est
1573 2551 1713 2604 (quod

108 2603 208 2643 add.
229 2601 288 2655 B)
313 2610 411 2644 ante
441 2603 567 2645 aliud
595 2606 697 2645 add.
720 2605 802 2646 BR
845 2602 867 2660 fl
922 2605 1048 2647 aliud
1075 2606 1158 2647 BR
1190 2606 1316 2647 aliud
1348 2611 1418 2648 est
1443 2608 1468 2649 b
1509 2607 1635 2650 aliud
1663 2610 1712 2650 in

109 2658 318 2700 subiecto
349 2663 420 2700 est
439 2660 477 2701 R
508 2660 636 2701 aliud
665 2661 714 2701 111
744 2661 949 2703 subiecto
980 2662 1022 2702 B
1059 2658 1080 2717 ll
1128 2663 1179 2702 16
1211 2663 1470 2706 rhetoricae
1492 2664 1530 2705 R
1559 2665 1711 2708 retho-

109 2715 300 2756 ricaeB
319 2723 495 2770 uterque
516 2719 658 2758 deleta
676 2719 919 2770 posteriore
941 2732 966 2759 e
1013 2715 1034 2773 ΙΙ
1081 2718 1136 2760 116
1159 2720 1367 2766 subiecto
1389 2725 1461 2762 est
1475 2729 1714 2775 punctuata

111 2773 156 2810 in
172 2771 211 2812 R
247 2768 268 2826 ss
308 2775 358 2814 17
390 2777 461 2814 est
479 2780 579 2827 post
601 2773 815 2815 Ciceroni
843 2775 1102 2829 ponendum
1125 2788 1224 2817 6886
1244 2778 1521 2830 εἱρηίῇοαίωη
1545 2779 1636 2821 inR
1672 2777 1693 2891 Η

113 2837 224 2880 erga.
243 2828 283 2869 R
318 2825 340 2884 Η
379 2830 433 2870 18
462 2831 524 2871 sit
542 2832 583 2871 D
614 2831 655 2871 si
679 2831 757 2872 BR
853 2833 907 2873 27
940 2832 1079 2873 etiam
1099 2833 1181 2874 del.
1204 2835 1248 2874 in
1267 2832 1310 2873 B
1331 2834 1424 2875 ista
1445 2836 1547 2877 add.
1570 2835 1636 2878 bR

112 2883 167 2924 29
198 2882 353 2928 adom,
374 2884 430 2927 3¹
478 2883 498 2941 ΙΙ
548 2887 694 2941 aliqui
714 2888 751 2930 R
794 2828 818 2943 u
