1982 3230
285 144 390 199 150
764 144 1067 186 MARTIANI
1097 132 1418 185 CAPELLAE

283 296 700 337 PENSATIONEM
741 283 858 334 noui
893 299 920 334 a
945 279 1302 349 posterioribus
1337 284 1615 349 perhiberi,
1651 299 1751 335 non
1777 299 1891 336 cum

285 358 483 406 crimini
509 355 804 405 beneficium
831 353 1032 406 alterius
1057 355 1294 420 temporis
1328 355 1627 420 subrogatur
1651 355 1738 406 scd
1776 370 1888 406 cum

283 426 467 476 factum
503 427 611 475 iure
638 424 947 483 defenditur,
983 430 1038 475 ut
1064 441 1123 475 ex
1150 441 1207 475 eo
1235 425 1418 491 aliquid
1443 425 1690 476 commodi
1715 438 1890 491 seque·

283 501 439 546 retur.
515 511 630 545 nam
656 497 698 544 si
733 497 961 546 meritum
997 493 1196 546 alterius
1230 497 1469 560 temporis
1507 495 1645 546 uelut
1677 497 1730 547 in
1756 510 1891 545 com-

283 567 584 631 pensationis
622 567 828 630 gratiam
867 573 1195 623 memoratur,
1235 566 1295 616 ad
1323 567 1690 631 deprecatiuam
1727 566 1892 630 potius
1934 577 1956 612 5

285 637 647 686 admouendum
677 642 750 687 est
777 636 1080 702 qualitatem,
1111 652 1234 702 quae
1262 637 1444 687 ueniali
1477 637 1642 701 specie
1669 637 1891 686 contine-

285 713 391 757 tur:
430 707 554 758 haec
580 723 702 757 uero
739 709 833 758 rite
859 722 911 757 se
937 707 1113 757 secisse
1152 708 1405 757 contendit
1429 713 1482 758 ut
1505 708 1674 758 Verris
1706 705 1786 756 illa
1811 721 1890 756 re-

286 779 486 841 sponsio
524 781 760 842 emagno²'
796 779 957 842 inquit
993 778 1255 828 ‘decumas
1280 778 1507 828 uendidi'
1546 777 1677 843 quod
1711 777 1895 827 factum

287 855 571 912 compensat
614 847 819 898 utilitate
855 848 1098 898 beneficii.
1171 850 1222 897 in
1260 849 1352 898 hac
1388 850 1570 914 quippe
1604 852 1746 913 parte
1780 846 1895 896 facti

288 918 530 968 confessio
554 924 627 968 est
648 919 733 969 sed
753 919 1107 969 immanitatem
1128 918 1418 969 obiectionis
1435 918 1650 969 excludit
1669 917 1895 980 allegatio
1918 930 1960 963 10

286 989 623 1053 promerendi.
701 995 749 1038 at
783 990 832 1038 in
872 988 951 1038 illa
989 991 1212 1039 criminis
1253 990 1466 1054 factique
1507 1004 1606 1038 una
1650 987 1895 1037 confessio

136 1071 269 1112 148G
292 1064 366 1108 est
392 1059 477 1108 sed
514 1065 596 1109 aut
631 1058 691 1108 ab
719 1061 883 1109 animo
921 1075 972 1108 se
1009 1066 1188 1125 purgat
1224 1066 1307 1110 aut
1344 1060 1637 1124 purgatione
1673 1064 1897 1108 cessante

174 1142 259 1183 458
291 1129 351 1179 ad
379 1129 696 1179 humanitatis
732 1130 1010 1179 miseranda
1037 1131 1264 1194 respirat.
1339 1145 1516 1179 uerum
1542 1129 1665 1178 haec
1690 1126 1898 1192 qualitas

178 2406 262 2449 459
285 2434 290 2451 ι

288 1198 497 1249 uenialis
523 1200 572 1248 in
592 1199 706 1249 bina
729 1206 914 1249 asserta
934 1201 1258 1250 discernitur:
1287 1201 1630 1265 purgationem
1651 1204 1699 1248 et
1719 1198 1897 1262 depre-

290 1271 550 1320 cationem.
628 1286 742 1319 nam
776 1282 1073 1321 PVRGATIO
1113 1277 1210 1328 est,
1253 1286 1367 1320 cum
1411 1270 1636 1322 confesso
1681 1268 1898 1318 facinore
1922 1280 1964 1315 15

289 1341 507 1390 animum
533 1340 936 1404 uoluntatemque
962 1356 1256 1406 purgamus:
1301 1342 1440 1391 cuius
1466 1340 1638 1395 modos
1662 1346 1766 1390 tres
1792 1353 1900 1388 esse

287 1425 388 1460 non
415 1410 619 1460 dubium
646 1411 695 1460 id
725 1417 794 1460 est
821 1411 1184 1475 inprudentiam
1213 1427 1381 1461 casum
1406 1411 1765 1460 necessitatem.
1823 1409 1899 1457 in·

287 1481 550 1546 prudentia
587 1486 661 1531 est
696 1497 807 1530 cum
843 1497 870 1530 a
907 1488 1022 1531 uoto
1062 1483 1365 1547 scientiaque
1413 1489 1579 1530 nostra
1618 1478 1801 1542 aliquid
1828 1478 1898 1527 di-

287 1566 549 1601 mouemus
576 1556 630 1600 ut
655 1555 670 1578 ‘
687 1552 883 1616 quidam
909 1553 959 1600 in
988 1553 1213 1607 uenando
1240 1551 1455 1601 iaculum
1482 1551 1676 1600 intorsit
1700 1548 1789 1615 <in
1814 1548 1901 1598 he-

287 1620 419 1671 luam
448 1628 496 1671 et
530 1621 781 1671 hominem
809 1621 1164 1672 delitiscentem
1200 1622 1389 1672 retibus
1428 1621 1731 1670 interemit’:
1775 1633 1900 1684 quac
1923 1632 1966 1665 20

288 1706 405 1755 pars
432 1706 576 1741 error
602 1691 780 1741 dicitur
807 1699 954 1756 atque
983 1695 1025 1742 ei
1059 1692 1339 1742 subduntur
1364 1702 1605 1756 ignoratio
1632 1688 1903 1740 uinulentia

290 1761 474 1812 obliuio
515 1762 709 1811 fatuitas
738 1763 979 1812 dementia
1018 1769 1279 1828 ceteraque
1305 1778 1433 1828 quae
1468 1775 1690 1811 errorem
1727 1760 1901 1809 admit-

293 1833 439 1882 tentis
482 1840 734 1883 excusant.
811 1848 954 1882 casus
996 1849 1119 1884 uero
1166 1832 1359 1897 culpam
1398 1837 1607 1882 euentus
1651 1834 1899 1886 exonerat,

290 1909 345 1952 ut
371 1903 455 1968 qui
483 1918 596 1951 cum
622 1904 834 1953 uictimis
855 1904 913 1953 ad
937 1905 1065 1954 diem
1092 1919 1288 1954 sacrum
1314 1918 1415 1952 non
1439 1905 1576 1953 uenit
1594 1916 1708 1952 cum
1727 1913 1910 1950 occur--

289 1974 412 2022 rerit
437 1972 654 2023 fluminis
680 1974 1013 2025 incrementis.
1075 1974 1237 2024 scelus
1262 1979 1425 2023 autem
1451 1973 1742 2023 necessitate
1769 1985 1902 2020 com-
1925 1976 1982 2017 25'

290 2043 423 2092 misit
461 2045 543 2108 qui
581 2050 849 2108 praecepto
886 2045 1023 2095 ducis
1066 2046 1310 2094 insontem
1345 2040 1602 2093 hominem
1647 2039 1901 2104 iugulauit.

291 2113 423 2162 inter
440 2128 563 2178 quos
585 2114 756 2163 modos
772 2114 868 2163 hoc
887 2116 1106 2172 interest,
1124 2115 1254 2180 quod
1273 2114 1587 2179 inprudentia
1601 2110 1737 2169 fallit,
1762 2125 1903 2160 casus

291 2183 534 2246 prohibet,
564 2185 830 2233 necessitas
857 2187 1002 2248 cogit.
1051 2195 1422 2234 DEPRECATIO
1451 2189 1614 2233 autem
1640 2181 1764 2231 nihil
1790 2194 1905 2230 cau-

292 2253 492 2303 sationis
519 2255 727 2304 associat
753 2255 839 2304 sed
874 2254 962 2320 in>
990 2255 1227 2305 exorandi
1252 2253 1589 2320 ¹‚humilitatem
1624 2264 1905 2316 precesque

292 2324 521 2388 suspirat.
1925 2333 1968 2366 30

438 2393 635 2444 Ceteras
673 2396 1008 2458 quaestiones,
1054 2410 1175 2460 quas
1212 2399 1366 2443 status
1403 2393 1573 2443 dicunt
1615 2390 1904 2449 incidenteS,

294 2462 555 2514 aduertant
581 2466 664 2530 qui
689 2463 728 2531 †
752 2465 921 2516 talium
948 2465 1252 2522 didicerunt,
1280 2465 1350 2513 sic
1375 2469 1429 2513 ut
1464 2463 1674 2513 interius
1700 2460 1905 2510 demon-

407 2579 431 2616 7
466 2576 559 2619 Cic.
583 2580 715 2620 Verr.
738 2579 807 2621 III
843 2580 867 2629 ἓ
888 2580 944 2620 40

406 2691 434 2730 4
468 2691 880 2744 compensationib3
912 2688 973 2731 B¹
1032 2687 1052 2744 ss
1101 2691 1127 2731 8
1172 2689 1386 2731 decomas
1415 2688 1457 2727 B
1505 2684 1524 2741 Η
1575 2687 1626 2727 12
1658 2698 1708 2726 se
1739 2685 1907 2737 purgat

295 2744 503 2788 Chris-tius
534 2752 780 2801 separatur
808 2746 891 2787 BR
929 2743 950 2800 [I
999 2748 1051 2788 13
1082 2745 1434 2786 inhumanitatis
1455 2742 1556 2783 B¹R
1602 2739 1622 2795 ΙΙ
1673 2741 1725 2782 18
1754 2739 1908 2781 demo-

293 2814 451 2843 uemus
472 2802 526 2844 3¹
557 2801 578 2859 Η
612 2806 666 2845 20
697 2803 1049 2843 delitescentem
1070 2803 1137 2843 bD
1170 2799 1188 2855 11
1223 2803 1276 2842 21
1308 2800 1475 2841 dicitur
1489 2813 1522 2851 p
1546 2797 1738 2839 edicitur
1758 2795 1842 2835 BD
1869 2792 1890 2849 11

295 2859 561 2908 ignorantia
584 2861 607 2901 b
636 2857 655 2914 [Ι
690 2858 949 2899 uinolentia
970 2859 994 2898 b
1021 2855 1040 2911 Η
1077 2859 1132 2898 24
1162 2858 1292 2898 uenit
1324 2869 1424 2897 cum
1454 2855 1606 2896 addidi
1641 2851 1662 2907 ss
1690 2855 1743 2895 32
1774 2863 1908 2905 prae-

296 2918 436 2966 cepta
467 2918 537 2957 uel
555 2917 783 2958 rationem
815 2915 977 2955 talium
998 2915 1193 2955 Halmius
1230 2911 1250 2967 {l
