1982 3230
164 1 173 6 .
189 0 195 7 .

8 0 46 106 ι
50 75 54 82 .

21 106 42 138 ν’·-

12 183 24 193 ’Χ

136 239 381 304 πείνωμα
421 238 715 303 ὑψουμένη.
802 238 887 288 sed
927 237 1058 287 idem
1103 250 1335 287 ascensus
1379 236 1746 301 descensusque

138 311 323 361 faciunt
347 311 604 374 utrIusque
628 308 827 358 luminis
854 308 1271 358 obscurationem.
1326 321 1438 356 nam
1469 321 1581 356 cum
1607 306 1745 356 Luna

137 381 380 431 scandens
406 379 775 430 descendensue
802 380 851 428 in
878 377 1089 428 solarem
1115 377 1292 427 lineam
1320 377 1563 434 inciderit,
1592 377 1632 426 si
1659 379 1745 426 tri-

139 453 319 502 cesima
346 457 444 507 est,
482 450 578 499 hoc
605 455 678 499 est
704 450 838 499 omni
874 463 1088 513 corpore
1115 447 1333 498 subiecta
1363 447 1479 505 Soli,
1508 447 1744 497 obscura-

93 534 116 566 5
140 523 324 571 tionem
361 520 488 571 Solis
514 522 662 570 terris
690 520 829 569 facit:
858 533 945 568 suo
974 519 1102 568 enim
1131 532 1342 581 corpore
1379 517 1551 567 subter
1578 533 1629 567 se
1656 533 1744 582 po-

136 593 240 641 sitis
266 591 521 648 obscurat,
561 589 667 640 aliis
693 587 1118 655 partibus'terrae
1156 587 1269 638 Sole
1295 603 1391 652 qua
1429 602 1527 636 non
1565 589 1747 652 tegitur

134 661 403 712 relucente.
456 677 601 726 quam
630 660 1027 710 obscurationem
1062 658 1233 708 eadem
1260 673 1359 707 non
1393 659 1582 708 cunctis
1608 673 1744 708 men-
1767 664 1900 706 294G

136 731 270 782 sibus
292 732 420 788 facit,
447 733 559 797 quia
584 746 682 780 non
708 745 904 795 semper
919 730 1161 780 tricesima
1183 730 1232 778 in
1256 729 1425 778 eadem
1452 729 1598 778 solari
1619 728 1748 780 linea

135 804 433 866 repperitur,
462 803 547 852 sed
576 809 658 851 aut
684 816 880 850 sursum
907 807 991 850 aut
1017 800 1248 850 deorsum
1277 801 1432 864 posita
1462 799 1659 850 obstare
1685 815 1748 850 ne

72 887 113 920 10
134 874 287 938 possit
322 874 622 923 transmittit.
699 873 814 922 item
842 872 1010 921 Lunae
1038 871 1258 920 defectus
1284 871 1361 927 fit,
1404 886 1516 920 cum
1553 873 1601 919 in
1630 885 1745 920 con·
1778 876 1863 918 870

136 946 289 994 trario
315 944 452 994 Luna
478 945 659 1009 posita,
690 943 784 992 hoc
812 949 885 992 est
911 942 1100 991 decima
1129 942 1313 1006 quinta,
1341 943 1392 990 in
1421 941 1591 990 eadem
1619 941 1747 991 linea

96 1055 98 1057 .
137 1014 264 1064 Solis
288 1014 465 1064 umbra
491 1021 654 1064 terrae
681 1013 925 1063 metaliter
951 1013 1237 1062 infuscatur.
1281 1026 1393 1061 nam
1410 1011 1493 1061 Sol
1519 1011 1748 1062 umbram

137 1092 300 1135 terrae
327 1087 375 1134 in
403 1100 541 1135 suam
564 1084 743 1134 lineam
771 1085 931 1140 mittit,
962 1098 1106 1148 quam
1135 1084 1175 1132 si
1195 1083 1362 1132 Lunae
1389 1097 1571 1146 corpus
1597 1083 1749 1133 intra-

136 1158 214 1212 rit,
244 1156 476 1220 quoniam
502 1155 674 1206 uidere
699 1155 863 1204 lumen
882 1154 1007 1204 Solis
1026 1160 1158 1204 terra
1181 1153 1406 1203 obstante
1428 1167 1526 1202 non
1550 1154 1743 1217 poterit,

73 1239 115 1272 15
137 1226 334 1276 luminis
370 1226 497 1275 soliti
534 1226 847 1290 ademptione
884 1225 1134 1275 furuescit.
1209 1224 1325 1274 alias
1362 1239 1473 1273 cum
1515 1225 1565 1273 in
1601 1239 1747 1287 supe-

136 1298 268 1347 riore
305 1304 388 1346 aut
434 1296 670 1346 inferiore
708 1295 976 1345 latitudinis
1013 1295 1124 1345 loco
1162 1295 1333 1358 fuerit,
1381 1293 1513 1358 pleni
1549 1293 1749 1343 luminis

137 1367 296 1431 effigie
323 1366 600 1416 relucescit.
665 1367 878 1431 denique
904 1365 1014 1416 ideo
1042 1366 1167 1415 intra
1195 1371 1388 1415 sextum
1415 1379 1637 1414 mensem
1665 1364 1748 1413 de·
1779 1370 1863 1410 871

135 1437 295 1488 fectus
320 1452 419 1487 non
447 1443 716 1502 potuerunt
749 1438 943 1494 iterari,
982 1437 1094 1500 quia
1123 1441 1206 1485 aut
1242 1435 1432 1484 decima
1460 1436 1627 1500 quinta
1667 1442 1751 1484 aut

136 1508 294 1572 prima
329 1510 378 1557 in
406 1507 577 1558 eadem
606 1506 732 1557 Solis
758 1507 886 1556 linea
922 1522 1012 1572 per
1040 1506 1299 1556 duodecim
1336 1507 1551 1569 partium
1587 1505 1748 1556 latitu-

69 1594 113 1626 20
137 1579 301 1628 dinem
330 1580 580 1643 spatiatur,
617 1578 795 1627 deinde
822 1593 921 1626 non
948 1579 1130 1642 poterit
1155 1578 1384 1626 inueniri.
1459 1576 1592 1626 unde
1618 1578 1658 1624 si
1685 1575 1746 1625 ab

136 1648 365 1714 aquilone
400 1649 598 1698 rediens
633 1649 690 1698 ad
720 1647 885 1697 Solem
920 1649 970 1697 in
1006 1647 1159 1697 latere
1193 1648 1420 1712 proximo
1456 1647 1615 1711 posita
1650 1661 1751 1695 non

136 1719 352 1777 obsistit,
388 1716 714 1782 παράλλαξιν
742 1717 800 1770 ἐν
827 1717 1038 1783 ευνόδῳ
1075 1718 1241 1768 facere
1267 1716 1585 1782 perhibetur3
1626 1732 1751 1782 quae

136 1791 177 1840 si
198 1805 223 1839 a
245 1789 398 1839 latere
425 1791 773 1854 septentrionis
797 1794 1146 1839 transcurrens
1167 1789 1263 1837 coit
1292 1803 1383 1837 nec
1407 1787 1612 1844 obsistit,
1650 1803 1751 1837 πα-

137 1859 384 1924 ράλλαξῑν
412 1858 470 1912 ἐν
500 1859 692 1927 βορείῳ
721 1858 930 1926 ευνόδῳ
946 1860 1130 1920 facere
1156 1865 1482 1914 memoratum
1511 1859 1551 1908 si
1577 1857 1637 1907 ab
1667 1873 1751 1907 au-

38 1993 40 1996 .
70 1944 114 1978 25
137 1933 450 1982 stroueniens
472 1946 566 1980 nec
594 1931 838 1981 obsistens
858 1930 1027 1979 lumen
1050 1931 1311 1994 acceperit,
1340 1926 1711 1992 παράλλαξιν
1691 1944 1751 1979 εν

762 96 949 139 LIBER
978 96 1090 138 V111
1643 91 1749 146 323

253 2104 273 2141 1
307 2099 613 2143 ΤΛΡΙΝΟΜΑ
635 2100 717 2140 BR
746 2096 999 2141 ΤΔΡΙΝΟΕ
1021 2099 1044 2139 b
1075 2095 1093 2147 ΙΙ
1121 2094 1413 2139 ΥΟΥΜΕΝΗ
1438 2097 1480 2137 Β
1510 2095 1750 2139 ΥΠΟΜΕ·

140 2154 216 2199 ΝΗ
250 2157 273 2198 b
304 2155 639 2201 ΥΨΟΥΟΊΕΝΗ
673 2156 710 2196 R
749 2152 770 2210 [Ι
807 2156 905 2196 disc
883 2168 1136 2208 ensusque
1167 2155 1205 2194 R
1244 2151 1262 2208 Η
1303 2156 1328 2196 3
1361 2153 1649 2195 descendens
1670 2154 1753 2195 BR

135 2227 193 2255 ue
233 2213 518 2255 descendens
548 2214 572 2255 b
611 2212 955 2253 descendensue
986 2227 1010 2252 r
1056 2210 1076 2265 Η
1125 2213 1148 2252 7
1183 2210 1343 2251 eadem
1371 2224 1401 2262 p
1439 2211 1563 2251 idem
1594 2211 1676 2251 BR
1716 2208 1734 2263 ΙΙ

136 2272 163 2311 9
194 2269 378 2312 obstare
409 2282 543 2323 posse
575 2269 617 2309 B
647 2272 699 2308 ut
727 2269 912 2310 obstare
943 2282 1001 2309 ne
1031 2269 1180 2321 possit
1209 2267 1232 2306 b
1265 2271 1314 2307 ut
1337 2265 1431 2317 (om
1446 2266 1533 2318 R¹)
1564 2259 1751 2308 obstare

137 2328 497 2437 ἓῐῖὶῖὶξὲἔεῗῑᾶῃ
517 2323 767 2423 Ηΐθξΐιεξονὶῒ
782 2325 896 2421 {RH
911 2322 929 2378 Η
949 2327 1178 2434 11121ξᾶἶῆ
1191 2322 1273 2416 {R
1288 2323 1413 2432 {litelnS¹
1440 2319 1751 2430 ssotqfflffinff‘}

137 2442 355 2492 poterunt
385 2439 408 2479 b
457 2437 691 2491 potuerint
718 2435 756 2478 R
805 2434 824 2490 Η
872 2436 1019 2477 XVB
1049 2447 1124 2475 ma
1155 2435 1253 2474 add.
1283 2435 1306 2474 b
1346 2430 1352 2486 Ι
1398 2445 1484 2486 cup
1489 2447 1537 2474 er
1559 2434 1598 2475 R
1629 2446 1749 2474 eum-

97 2523 107 2535 .
137 2508 220 2548 per
254 2494 291 2534 B
348 2492 367 2549 ll
425 2496 476 2534 21
516 2506 736 2546 proxumo
767 2491 826 2532 B¹
885 2489 904 2546 ΙΙ
959 2494 1013 2532 22
1051 2488 1323 2532 ΠΑΡΛΛΛΔ
1371 2447 1498 2531 ΙΝΕΝ
1527 2489 1675 2541 (corr.
1709 2491 1751 2530 in

137 2508 616 2600 ΠΛΡΔΜΗΚΗΝΕΝ)
670 2546 957 2591 ΕῩΝΟΔΟΟ(
985 2548 1028 2588 Β
1075 2543 1751 2589 ΠΑΡΑΟΔΖΙΝΕΝΕΥΝΟΑΟΟ

139 2608 177 2648 R
207 2620 321 2649 corr.
356 2606 483 2648 Salm.
539 2602 562 2660 ll
616 2607 670 2646 23
709 2618 795 2646 nec
827 2605 869 2644 B
918 2609 966 2645 et
994 2605 1058 2645 bR
1115 2601 1133 2657 ΙΙ
1198 2607 1253 2645 24
1281 2599 1759 2692 ὌΠΔΡΛΛΛΛΖΙΝΕΝ

140 2704 273 2755 (corr.
315 2708 357 2746 in
400 2701 849 2755 ΚΑΤΛΒΙΒΔΖΙΝΗ)
893 2699 1317 2745 ΒΟΡΙΟΕΥΝΟΔΟ)
1356 2701 1399 2740 Β
1455 2697 1759 2743 ΠΛΡΑΔΛΛ·

139 2757 761 2805 ΖΙΝΕΝΒΟΡΙωΕΥΝΟΔω
782 2761 821 2800 R
888 2756 907 2813 Η
956 2760 1115 2800 facere
1146 2760 1246 2799 add.
1280 2756 1410 2799 Salm.
1467 2754 1486 2810 ΙΙ
1543 2758 1597 2798 25
1645 2754 1754 2799 ΠΑ-

123 2850 498 2894 ΡΔΛΛΑΖΙΝΕΝ
555 2848 984 2894 (ΥΝΟΔΟΝΟΤΙΟΟ
1023 2850 1065 2891 Β
1130 2830 1598 2903 ΠΔΡΔΛΛΑΞΙΝΕΝ
1651 2846 1750 2890 (Υ

1294 2917 1407 2970 21*
