1982 3230
749 91 934 133 mena
963 91 1027 134 VI
1561 88 1670 142 205

61 236 156 286 bus
181 234 503 298 denegentur,
532 238 580 282 et
605 247 732 296 quae
758 247 857 281 una
892 231 985 280 illis
1012 233 1262 289 oriuntur,
1292 229 1437 281 simul
1463 231 1670 281 ueniunt

62 308 114 356 in
141 319 386 354 occasum.
442 301 528 368 <hi
554 302 658 351 dies
685 309 888 351 cunctos
913 317 1058 367 pares
1077 303 1185 370 'suis
1211 301 1439 352 noctibus
1469 302 1665 354 intuen-

63 383 144 426 tur
169 390 262 424 nec
288 372 410 424 ullas
435 372 707 421 meridiano
735 372 812 422 die
838 374 1110 422 metiuntur
1140 372 1366 429 umbras;
1397 387 1666 437 eorumque

62 445 316 510 antipodes
336 443 438 493 dies
465 449 731 507 noctesque
757 442 848 492 sub
873 442 1042 492 eadem
1069 442 1372 506 longitudine
1399 444 1665 506 patiuntur.

17 526 40 559 5
65 531 177 567 cum
219 519 380 564 autem
425 511 617 562 solstitii
671 513 990 577 properantia
1026 512 1295 577 peragendi
1332 527 1422 577 per
1468 514 1667 562 eosdem

43 591 277 636 ¹transeat
304 591 352 633 et
375 584 472 632 iam
499 582 726 633 brumam
753 583 919 632 itidem
947 581 1020 631 sol
1039 587 1301 631 reuertens
1327 581 1552 631 similiter
1578 598 1668 646 per

67 656 175 707 illos
209 654 303 703 iter
339 654 487 704 ducat
532 659 580 702 et
614 652 788 716 procul
825 652 885 702 ab
923 653 1001 702 his
1035 653 1282 717 utrimque
1315 652 1538 709 secedat,
1580 652 1667 701 du-

59 725 195 775 bium
222 739 321 773 non
348 730 421 773 est
441 725 557 787 quin
578 723 654 773 bis
680 723 892 772 hiemem
921 729 968 772 et
997 722 1214 772 secundo
1236 723 1484 787 patiantur
1510 729 1668 772 aesta-

61 802 180 856 tem;
209 794 386 858 quibus
413 810 524 843 cum
552 800 690 843 ortus
715 793 832 843 solis
858 799 946 849 est,
977 806 1151 842 eorum
1179 792 1490 857 antipodibus
1517 808 1666 857 appa-

0 876 41 909 10
62 873 139 916 ret
164 873 379 915 occasus.
430 880 606 914 uerum
631 863 743 914 illae
764 864 889 913 duae
915 865 1158 927 regiones„
1188 878 1310 928 quas
1336 863 1525 913 fasceas
1552 865 1667 912 item
1699 871 1782 911 608

63 937 184 993 dixi,
222 950 430 999 quarum
463 950 560 984 una
587 936 848 984 uicinantis
873 933 1086 983 Plaustri
1113 933 1280 997 algore
1307 939 1575 990 crustatum
1599 932 1666 983 al-

62 1014 170 1057 tera
196 1007 540 1056 transaustrini
566 1005 745 1054 halitus
766 1005 1046 1053 desertione
1067 1004 1388 1061 contrahitur,
1411 1003 1668 1068 antipodas

65 1078 296 1141 proprios
322 1091 421 1125 non
447 1075 631 1125 habent
657 1075 744 1125 sed
767 1077 904 1139 ipsae
928 1074 1019 1124 sibi
1045 1075 1258 1124 inuicem
1280 1075 1529 1124 contraria
1547 1075 1670 1123 fiunt

65 1146 365 1197 habitatione
393 1146 649 1210 antipodes
695 1145 953 1209 nullosque
998 1153 1136 1195 ortus
1181 1145 1399 1194 siderum
1445 1143 1670 1211 absque>

0 1226 41 1260 15
61 1218 271 1283 planetis
298 1217 545 1279 utrimque
571 1222 843 1272 nouerunt,
882 1230 1008 1279 quae
1035 1215 1233 1279 quidem
1269 1214 1366 1263 illis
1393 1229 1494 1263 non
1519 1230 1669 1278 supra

64 1294 209 1353 caput
246 1293 363 1336 eunt
397 1287 483 1336 sed
510 1286 571 1335 de
597 1286 757 1335 medio
791 1284 960 1335 lateris
997 1286 1239 1334 oriuntur.
1315 1283 1485 1334 stellae
1524 1286 1669 1333 etiam

62 1359 185 1407 fixae
213 1356 334 1406 caeli
360 1372 445 1405 sex
482 1357 713 1405 uidentur
739 1355 1015 1412 mensibuS,
1057 1371 1142 1404 sex
1177 1355 1347 1404 itidem
1383 1370 1483 1404 non
1518 1370 1667 1419 appa-

63 1434 190 1484 rent,
220 1428 507 1492 ortiuusque
533 1426 758 1487 ,circulus
798 1425 1167 1491 aequinoctialis
1202 1424 1296 1475 illis
1324 1432 1413 1482 est,
1453 1422 1669 1489 sena'que

65 1513 124 1548 ex
143 1497 341 1547 zodiaco
368 1499 506 1561 signa
534 1498 856 1561 conspiciunt.
906 1497 1119 1562 denique
1145 1511 1231 1545 sex
1257 1495 1510 1545 mensibus
1539 1496 1668 1545 dies·

0 1577 44 1611 20
67 1583 160 1633 que
186 1574 455 1633 noctesque
482 1569 750 1633 patiuntur,
778 1573 832 1616 ut
856 1569 1079 1631 utrisque
1106 1566 1206 1630 poli
1232 1568 1434 1631 axisque
1472 1566 1670 1615 termini

62 1653 210 1704 supra
237 1639 475 1688 uerticem
511 1638 788 1687 uideantur.
865 1637 952 1687 sed
978 1637 1100 1686 haec
1127 1638 1265 1700 prior
1293 1637 1666 1701 Septentrionis‚

65 1707 218 1758 altera
254 1709 440 1773 Canopi
484 1707 651 1764 stellae
699 1707 956 1757 inlustrata
989 1707 1184 1770 fulgore
1230 1714 1394 1756 cetera
1442 1722 1544 1755 non
1580 1721 1669 1755 no·

62 1786 256 1829 uerunt.

206 1849 423 1907 Quarum
459 1849 715 1912 regionum
752 1847 947 1898 habitus
983 1847 1200 1912 prodidit
1240 1847 1552 1908 doctissimus
1578 1847 1668 1912 Py·
1701 1853 1783 1893 609

3 1928 46 1962 25
68 1919 322 1982 thagoras,
351 1918 438 1968 sed
465 1934 556 1982 ego
582 1920 686 1982 ipsa
711 1919 999 1983 peragraui,
1035 1933 1197 1982 nequa
1233 1918 1355 1966 mihi
1388 1920 1557 1981 ignota
1594 1918 1666 1966 ui·
1691 1921 1820 1964 198G

69 1990 269 2039 deretur
295 1990 454 2052 portio
491 2004 750 2052 superesse
779 1988 980 2038 telluris.
1042 1990 1178 2037 cuius
1206 1993 1367 2037 terrae
1395 1990 1541 2036 totius
1568 2003 1669 2037 am-

68 2059 198 2109 bitus
234 2060 392 2108 omnis
429 2058 703 2124 plenusque
741 2060 996 2115 circuituS,
1037 2063 1090 2107 ut
1114 2058 1451 2108 Romanorum
1480 2059 1669 2108 dimen-

65 2131 203 2179 sione
239 2144 558 2193 percenseam
597 2130 829 2194 quicquid
867 2128 1138 2179 stadiorum
1187 2130 1532 2194 supputatione
1569 2144 1672 2178 me·

68 2201 280 2257 moraui,
318 2205 389 2250 est
425 2201 475 2249 in
507 2199 706 2249 milibus
731 2215 964 2265 passuum
1002 2201 1266 2249 trecenties
1306 2206 1353 2249 et
1388 2199 1672 2263 quindecies

7 2279 48 2313 ³0
73 2271 318 2320 centenis:
366 2286 463 2335 quo
498 2269 607 2320 loco
643 2285 743 2319 non
782 2276 900 2334 puto
946 2270 1299 2319 transeundam
1334 2271 1670 2333 opinationem

67 2339 334 2390 Ptolemaei
358 2340 408 2389 in
429 2341 759 2405 geographico
782 2356 934 2405 opere
958 2346 1297 2390 memoratam.
1338 2339 1470 2388 idem
1490 2340 1671 2404 quippe
1704 2355 1786 2396 610

68 2410 253 2459 zodiaci
298 2416 511 2460 tractum
556 2425 852 2476 omnemque
900 2410 1212 2475 complexum
1256 2410 1488 2459 trecentis
1534 2424 1672 2459 sexa·

183 2565 206 2604 1
239 2577 341 2605 cum
371 2571 467 2605 ante
498 2563 593 2604 iltis
624 2566 726 2605 add.
756 2577 781 2603 r
817 2560 839 2618 ss
876 2567 902 2605 6
934 2565 982 2604 in
1003 2565 1207 2605 brumam
1233 2565 1405 2605 Grotius
1443 2561 1462 2618 {l
1503 2565 1554 2603 12
1588 2563 1673 2603 ali-

69 2623 143 2661 tus
164 2619 206 2660 B
229 2620 274 2662 .i.
307 2620 366 2661 fri
403 2621 494 2661 oris
515 2621 617 2664 add.
640 2620 663 2660 b
682 2617 702 2674 Η
732 2621 785 2660 14
816 2620 1066 2673 antipodas
1088 2619 1190 2661 B¹D
1217 2617 1237 2674 ss
1267 2622 1319 2661 17
1342 2626 1439 2660 ante
1460 2619 1677 2660 uidentur

70 2677 172 2719 add.
197 2677 263 2716 eis
279 2690 311 2729 p
361 2675 368 2731 Ι
430 2678 483 2718 18
513 2677 779 2728 ortibusque
801 2674 901 2716 ΒΑΗ
938 2673 959 2730 Η
999 2678 1051 2716 19
1083 2676 1271 2718 zoziaco
1293 2675 1393 2717 B¹R
1423 2677 1537 2730 quod
1555 2677 1675 2716 dein-

73 2743 173 2784 ceps
209 2745 290 2773 non
327 2733 540 2774 notabitur
595 2730 615 2786 Π
671 2734 726 2772 24
773 2731 959 2772 habitus
989 2732 1073 2773 BR
1119 2731 1171 2774 a}
1201 2733 1400 2773 ambitus
1431 2733 1534 2772 add.
1565 2732 1589 2772 b
1638 2729 1658 2786 Η

72 2790 320 2842 pytagoras
341 2789 423 2831 BR
459 2786 481 2843 [l
518 2791 572 2830 26
603 2789 793 2830 habitus
815 2788 896 2829 BR
929 2787 977 2829 al
1008 2788 1207 2830 ambitus
1238 2789 1339 2830 add.
1363 2789 1387 2829 b
1426 2785 1444 2839 ΙΙ
1484 2791 1538 2831 30
1570 2801 1676 2830 cen·

74 2843 194 2884 tonis
214 2844 238 2884 b
270 2848 467 2887 centena.
487 2845 569 2886 BR
617 2842 637 2899 Η
685 2847 737 2887 31
768 2844 989 2898 ptolomei
1019 2843 1099 2886 BR
1147 2842 1166 2898 ΙΙ
