1982 3230
642 83 726 126 DE
758 81 1087 126 CODIOIBVS
1517 83 1675 126 XXIII

22 250 36 277 ἔ
59 261 61 263 ,
194 213 525 263 Parisinus
551 208 584 260 9
613 210 679 272 (in
706 209 827 260 bibl.
857 210 905 260 S.
942 211 1154 260 Victoris
1179 210 1471 261 Parisiensis
1498 210 1668 260 Montf.

52 296 98 348 11
124 312 171 363 p.
204 294 355 362 1373)
384 296 465 346 ‘M.
495 294 545 346 C.
576 295 622 344 d.
651 310 698 344 n.
727 294 838 345 Ph?

0 370 28 466 ς’
192 380 701 432 Abrincatuanus
740 379 1074 444 (Rauaz'ssorz,
1114 382 1353 444 Rapport
1379 386 1461 430 ctt.
1490 395 1538 444 p.
1570 378 1671 431 126

51 465 406 528 Bibliotheque
431 463 777 515 d'Avranelees
804 479 850 513 n.
878 461 1036 515 2958.
1063 462 1112 512 4.
1142 479 1268 514 saec.
1299 465 1355 514 X.
1409 465 1489 514 hic
1516 466 1671 515 codex

0 545 7 587 '—
49 551 211 614 primo
245 549 355 599 loco
384 551 625 599 continet:
632 549 644 611 )
686 549 893 613 ‘Incipit
929 548 1055 597 liber
1095 547 1155 597 de
1181 550 1365 612 nuptiis
1391 550 1452 598 Μ.
1484 555 1531 599 et
1556 549 1672 598 Phi-

0 616 5 685 {
47 631 228 698 lologia
255 634 486 684 Marciani
512 634 675 684 Minei.
740 635 811 683 Le
845 639 980 684 texte
1014 635 1077 682 de
1115 635 1349 684 Marozen
1389 636 1439 683 C.
1479 640 1552 683 est
1587 650 1670 685 ae-

0 687 18 782 ἱ
44 718 335 782 compaqne'
364 735 454 770 sur
478 723 550 769 les
584 733 785 781 maryes
810 725 858 767 et
882 725 1026 768 entre
1059 720 1130 768 les
1154 720 1336 780 liques
1343 721 1407 767 de
1434 722 1672 782 quelques

0 785 21 855 l
44 809 234 870 yloseS,
282 806 660 866 remarquables
694 806 964 853 seulement
979 819 1088 866 par
1122 806 1194 853 les
1228 805 1550 854 traductions
1584 819 1670 855 ex-

0 867 15 946 ξ
46 897 183 941 actes
220 904 286 951 qu
292 887 423 938 'elles
469 891 690 939 donnent
732 891 819 938 des
862 895 988 938 mols
1034 891 1203 939 Grees.
1268 890 1313 937 Α
1355 904 1414 940 ee
1447 892 1590 951 sique
1610 892 1672 952 je

0 965 6 1039 ζ
46 977 265 1026 croirais
288 975 617 1023 reconnaitre
650 977 703 1022 la
729 977 866 1023 main
894 975 958 1022 de
981 974 1114 1022 Jean
1140 973 1262 1023 Seot
1290 974 1540 1035 Eriqe'ne,
1584 978 1675 1037 qui

2 1076 7 1082 ’
37 1073 192 1124 passe
216 1061 580 1121 effectivement
600 1073 734 1120 pour
760 1060 905 1108 avoir
928 1057 1210 1107 commente'
1231 1059 1465 1108 Mareien
1494 1061 1566 1108 C.'

190 1141 724 1207 Guelferbytanus
753 1142 798 1191 1.
829 1141 998 1207 (Ebert
1025 1140 1163 1191 catal.
1192 1140 1341 1205 p.39.
1371 1158 1418 1192 n.
1453 1141 1557 1192 149
1583 1142 1668 1192 fol.

47 1242 175 1278 saec.
203 1227 328 1277 XIII.
358 1226 563 1276 membr.
594 1226 718 1276 Gud.
747 1224 850 1288 62.)
879 1227 1046 1276 ‘Mare
1075 1226 1190 1291 Cap.
1237 1226 1307 1275 De
1334 1243 1382 1276 n.
1411 1227 1501 1277 Ph.
1533 1235 1581 1276 et
1605 1229 1667 1278 M.

46 1311 160 1363 libri
183 1312 264 1362 IX.
317 1309 616 1361 Luculenter
642 1313 910 1360 exaratus?

159 1394 688 1450 ‚vindobonensis
721 1392 755 1444 2
795 1394 1095 1458 (Endlicheri
1127 1394 1404 1463 CCCXLVI)
1457 1397 1666 1447 membr.

42 1477 95 1531 4.
133 1495 261 1530 saec.
289 1480 389 1529 XV.
468 1479 718 1530 ‘Martiani
745 1480 892 1529 Minei
919 1478 1097 1529 Felicis
1133 1479 1329 1545 Capelle
1367 1481 1510 1546 aphri
1546 1482 1670 1532 Kar-

46 1564 346 1630 thaginensis
372 1564 434 1614 de
460 1571 650 1630 septem
676 1563 965 1614 liberalibus
1001 1564 1192 1614 artibus
1218 1566 1387 1630 incipit
1411 1565 1538 1617 liber
1565 1567 1668 1631 pri-

45 1665 156 1701 mus
195 1649 257 1699 de
292 1651 485 1715 nupciis
519 1648 860 1714 philologiae.'
916 1649 1026 1715 (sed
1064 1651 1103 1698 si
1138 1650 1494 1701 Endlicherum
1532 1659 1668 1702 recte

45 1734 278 1798 intellego
304 1735 523 1783 continet
547 1740 738 1786 tantum
767 1733 919 1783 libros
945 1735 964 1783 1
992 1741 1039 1783 et
1064 1734 1140 1799 ΙΙ.)

188 1818 547 1869 Vrbinatem
574 1834 622 1868 n.
643 1816 748 1869 329
775 1825 984 1867 exeunte
1011 1833 1139 1867 saec.
1160 1818 1244 1869 XV
1285 1821 1335 1868 in
1363 1820 1670 1870 membranis

2 1948 7 1952 .
47 1905 286 1968 scriptum
315 1918 421 1953 esse
449 1903 658 1953 affirmat
684 1902 734 1951 C.
758 1902 1138 1965 Zangemeister.
1167 1918 1339 1953 omnes
1364 1904 1494 1954 VIIII
1514 1904 1670 1955 libros

47 1988 282 2038 continet.
312 1986 496 2037 scholia
525 1986 657 2036 nulla
685 1987 930 2052 adscripta
960 1993 1088 2038 sunt.
1119 1987 1343 2052 capitulis
1364 1989 1491 2038 tituli
1519 1989 1669 2039 additi

49 2078 179 2122 sunt.

190 2156 261 2206 De
281 2157 597 2207 Vaticanis
633 2157 716 2222 qui
742 2162 899 2206 totum
930 2171 1053 2221 opus
1079 2158 1334 2207 continent
1360 2159 1456 2207 iam
1484 2158 1668 2208 dictum

46 2246 121 2291 est
145 2256 191 2306 p.
220 2239 368 2290 XIIII.

191 2325 261 2374 De
295 2326 590 2375 Monacen
605 2327 653 2374 si
694 2340 827 2375 nunc
867 2327 995 2376 inter
1021 2327 1221 2376 Latinos
1249 2342 1297 2376 n.
1331 2325 1520 2385 14729,
1550 2327 1668 2377 olim

45 2408 154 2459 Rat.
183 2409 231 2459 S.
260 2409 532 2459 Emeranus
560 2407 688 2467 729,
732 2410 910 2475 Koppii
936 2411 1066 2461 Mon.
1096 2411 1174 2469 C„
1214 2412 1314 2461 dixi
1340 2428 1386 2476 p.
1415 2412 1569 2468 XVII,
1608 2413 1669 2462 de

45 2494 226 2544 ceteris
245 2494 622 2544 Monacensibus
643 2509 737 2545 nec
757 2494 977 2560 Koppius
999 2502 1231 2546 accurate
1254 2497 1521 2561 quidquam
1546 2497 1672 2547 dixit

48 2591 209 2642 neque
252 2579 302 2627 C.
350 2579 400 2627 F.
450 2579 762 2628 Hermannus
809 2579 991 2646 (praef.
1031 2581 1106 2630 ed.
1147 2580 1432 2645 Koppianae
1471 2597 1516 2645 p.
1557 2580 1666 2646 IX).

46 2675 166 2711 usus
193 2669 262 2712 est
291 2668 451 2713 autem
479 2664 702 2728 Koppius
727 2672 984 2728 praeterea

190 2747 590 2797 Monacensib
608 2763 674 2797 us
724 2765 824 2799 sex.
890 2750 1204 2799 secundus
1255 2758 1328 2798 est
1377 2751 1504 2799 inter
1556 2751 1664 2800 cod.

46 2822 181 2879 Mon.
222 2831 322 2881 Cat.
367 2848 415 2882 n.
452 2829 609 2884 4559.
685 2833 936 2898 praecedit
974 2833 1232 2883 Sallustius
1282 2833 1370 2885 sed
1420 2836 1667 2901 scriptura
