1982 3230
306 119 419 171 »234
792 88 1092 162 MAltTIANI
1123 119 1443 164 GAPELLAE

310 260 407 310 Nili
443 259 622 324 oppida
651 260 858 308 ducenta
897 261 1247 324 quinquaginta
1283 263 1432 312 fuisse
1459 263 1799 313 Artemidorus
1833 264 1921 313 ad-

311 336 533 379 testatur.
610 331 657 378 in
683 329 826 378 litore
855 336 1016 379 tamen
1044 331 1266 395 Aegyptii
1304 335 1453 381 maris
1479 335 1919 397 praestantiorur·

155 415 291 456 2196
310 398 770 460 biumJ'Alexandrea
799 401 1083 455 constituta,
1113 401 1173 449 ab
1201 401 1476 452 Alexandro
1503 403 1678 466 Magno
1705 403 1916 462 condita,

310 485 336 518 a
359 468 749 532 Canopicoostio
766 471 816 519 in
838 470 1096 519 duodecim
1122 470 1317 521 milibus
1340 487 1568 535 passuum
1596 475 1727 522 iuxta
1753 471 1915 523 lacum

308 539 653 597 Mareoticum,
683 542 767 605 qui
804 539 1083 603 complures
1118 541 1301 591 insulas
1337 542 1485 591 habet
1523 541 1914 608 tra-<iectusque
1955 552 1978 587 5

310 610 723 674 quadringentoS,
764 611 900 659 cuius
927 617 1024 659 tam
1063 610 1316 674 longitudo
1343 628 1490 676 quam
1527 615 1671 661 etiam
1709 612 1913 662 latitudo

195 695 277 735 677
310 686 516 728 centena
545 682 887 744 quinquagena
923 679 1051 729 milia
1091 696 1325 744 passuum
1365 689 1547 740 tenent.
1626 682 1756 732 unde
1786 682 1913 732 ultra

185 1184 272 1225 678

306 749 616 799 Pelusiacum
644 752 823 799 ostium
843 750 1020 799 Arabia
1050 758 1122 799 est
1148 752 1206 800 ad
1230 752 1451 801 Rubrum
1479 755 1731 816 pertinens
1757 767 1910 809 mare,

307 820 440 883 quod
466 819 795 884 Erythraeum
822 819 882 868 ab
909 820 1119 884 Erythra
1156 835 1274 883 rege
1301 822 1468 871 Persei
1497 830 1542 871 et
1568 822 1912 872 Andromedae

303 888 404 937 filio
432 890 714 946 uocitatum,
744 906 770 938 a
798 890 964 940 colore
992 892 1134 939 etiam
1163 892 1347 940 dictum
1367 892 1608 942 Rubrum.
1657 907 1769 941 nam
1797 892 1908 940 fons
1934 903 1976 935 ιο

305 964 379 1006 est
403 959 452 1007 in
488 959 659 1015 litore,
690 975 835 1024 quem
864 975 975 1008 cum
1002 974 1178 1023 greges
1204 961 1420 1010 biberint
1455 964 1503 1010 in
1540 962 1750 1011 rubrum
1777 962 1910 1011 colo-

303 1044 410 1078 rem
445 1030 686 1092 incipiunt
731 1037 922 1078 mutare
958 1029 1105 1083 lanas,
1180 1031 1323 1079 huius
1357 1033 1506 1080 maris
1552 1032 1784 1095 oppidum
1819 1034 1912 1081 Ar-

304 1113 455 1148 smoe.

444 1171 625 1219 Verum
653 1170 831 1219 Arabia
869 1170 1084 1219 tenditur
1112 1186 1267 1234 usque
1306 1171 1602 1220 odoriferam
1628 1186 1684 1219 ac
1710 1171 1910 1220 diuitem

302 1245 489 1288 terram
530 1239 616 1288 sed
660 1240 792 1288 iuxta
838 1246 909 1288 est
950 1241 1088 1304 Syria
1132 1239 1295 1288 multis
1339 1242 1566 1290 distincta
1612 1240 1905 1290 nominihus.
1934 1249 1974 1284 15

301 1324 416 1358 nam
445 1315 493 1358 et
517 1309 786 1358 Palaestina
825 1317 899 1359 est
927 1326 1052 1374 quae
1090 1312 1327 1374 contingit
1355 1310 1610 1367 Arabiam,
1650 1317 1695 1360 et
1730 1311 1906 1360 Iudaea

302 1384 350 1427 et
375 1379 641 1427 Phoenicia
670 1386 716 1427 et
744 1387 978 1442 quantum
1014 1381 1219 1428 interior
1255 1381 1464 1429 habetur
1493 1380 1817 1436 Damascene,
1857 1381 1908 1428 in

301 1449 558 1497 meridiem
588 1462 801 1510 uergens
828 1448 1095 1514 Babylonia
1135 1456 1181 1498 et
1209 1451 1376 1498 eadem
1405 1451 1751 1512 Mesopotamia
1778 1451 1908 1498 inter

300 1518 587 1582 Euphraten
629 1527 672 1567 et
712 1519 921 1581 Tigrim,
973 1534 1069 1582 qua
1106 1521 1277 1568 transit
1312 1521 1529 1569 Taurum
1566 1526 1782 1568 montem
1819 1522 1906 1568 So—

300 1587 488 1651 phene,
529 1590 649 1636 citra
676 1604 798 1636 uero
838 1604 946 1637 eam
974 1588 1337 1654 Commagene>
1367 1597 1413 1637 et
1448 1588 1575 1638 ultra
1600 1590 1829 1638 Armenia
1857 1594 1904 1638 et
1927 1600 1970 1632 20

299 1658 496 1722 Assyria
524 1665 635 1706 ante
664 1658 806 1707 dicta.
886 1666 932 1707 et
968 1657 1053 1707 ubi
1081 1658 1244 1708 Cilicia
1272 1666 1318 1708 et
1343 1658 1523 1708 Arabia
1550 1658 1906 1723 quadringenta

411 1814 435 1862 ἓ
466 1814 549 1852 677
581 1816 637 1853 ex
659 1812 817 1853 Solino
848 1826 892 1865 p.
917 1813 1011 1862 165,
1038 1813 1202 1853 10—18
1250 1809 1268 1866 Η
1319 1813 1342 1862 ἕ
1372 1814 1453 1854 678
1486 1826 1542 1853 ex
1564 1812 1719 1853 Solino
1739 1825 1783 1865 p.
1809 1813 1903 1862 165,

300 1870 467 1910 18-19
501 1872 547 1909 et
569 1869 721 1910 Plinio
743 1870 783 1911 V
803 1870 858 1909 66
882 1872 927 1909 et
947 1869 1001 1908 67

410 2009 435 2046 2
468 2009 646 2060 egyptii
679 2008 720 2047 B
769 2005 789 2062 Η
836 2011 861 2049 3
895 2008 1164 2048 alexandria
1195 2009 1233 2048 R
1282 2004 1301 2060 [Ι
1348 2008 1376 2047 4
1407 2007 1627 2048 cenobico
1648 2007 1729 2048 BR
1761 2020 1901 2048 eano—

296 2063 401 2102 bico
440 2062 464 2101 ὂ
516 2060 536 2114 Η
580 2064 709 2115 iusta
738 2063 780 2102 B
828 2060 847 2116 ΙΙ
896 2065 922 2104 5
967 2066 1280 2115 traiectusque
1314 2061 1691 2116 quadringentos]
1726 2063 1901 2103 insutas

297 2130 476 2169 quoque
508 2119 652 2170 pluris
685 2119 919 2171 amplexus
951 2120 1079 2160 XXX
1109 2119 1157 2157 M
1187 2133 1231 2170 p.
1265 2120 1464 2159 traiectu
1496 2119 1571 2159 CL
1604 2120 1782 2159 ambitu
1812 2119 1898 2158 Pli-

296 2175 390 2213 m‘us
436 2170 458 2227 Η
505 2176 531 2214 8
565 2175 735 2215 ababia.
757 2176 796 2213 D
818 2179 859 2214 et
881 2187 995 2214 corr.
1018 2179 1061 2214 in
1095 2175 1257 2214 arabia
1287 2175 1386 2225 (sed
1412 2188 1433 2214 r
1459 2188 1609 2215 rursus
1630 2173 1789 2226 deleta)
1811 2174 1853 2214 B
1881 2173 1903 2215 l

298 2230 462 2270 arabia
494 2231 594 2269 add.
618 2230 641 2269 b
679 2226 700 2283 Η
749 2232 774 2270 9
806 2234 1034 2281 erytreum
1056 2230 1140 2269 BD
1180 2226 1199 2282 Η
1249 2233 1403 2281 erytra
1423 2231 1458 2269 Β
1491 2234 1641 2279 erytro
1666 2231 1702 2269 D
1741 2227 1760 2283 Η
1798 2242 1900 2281 per-

294 2298 381 2336 seg
415 2284 476 2325 B1
537 2282 558 2338 Η
607 2285 912 2325 andromaede
942 2285 984 2324 B
1031 2284 1305 2324 andromede
1342 2287 1381 2324 D
1435 2288 1454 2337 ΙΙ
1512 2287 1558 2324 11
1591 2285 1747 2325 littore
1783 2285 1824 2324 D
1862 2282 1882 2338 Η

298 2343 349 2380 12
380 2341 644 2394 inquipiunt
664 2340 724 2380 B¹
763 2339 781 2394 {l
830 2342 883 2380 14
914 2341 970 2380 ad
999 2342 1101 2382 add.
1132 2341 1155 2380 b
1184 2347 1282 2380 ante
1312 2341 1590 2381 odoriferam
1636 2337 1654 2393 Η
1703 2341 1754 2380 15
1786 2340 1899 2380 siria

294 2398 335 2436 D
375 2393 394 2450 Η
444 2397 674 2437 destinata
694 2395 752 2436 B¹
794 2394 812 2449 ΙΙ
863 2397 914 2435 16
946 2396 1180 2448 palestina
1211 2396 1295 2435 BD
1343 2393 1361 2448 Η
1412 2408 1500 2447 qua
1530 2396 1693 2436 Plinius
1729 2392 1750 2449 Η
1792 2407 1901 2436 con-

295 2453 363 2504 git
384 2452 426 2492 B
452 2453 598 2505 cingit
618 2453 641 2492 b
682 2448 700 2505 [Ι
740 2451 875 2492 iudea
897 2452 981 2490 BD
1012 2451 1192 2491 iudeam
1215 2451 1238 2490 b
1279 2448 1296 2504 [1
1340 2454 1389 2491 17
1412 2451 1703 2503 phoeniciam
1724 2452 1748 2492 b
1780 2452 1899 2491 feni-

296 2508 369 2548 cia
400 2509 441 2548 D
487 2504 508 2561 ss
559 2509 610 2547 18
650 2507 947 2559 babyloniam
978 2507 1001 2546 b
1039 2507 1279 2547 babilonia
1311 2507 1350 2545 D
1399 2504 1417 2559 Η
1469 2511 1515 2546 et
1548 2520 1606 2547 ex
1633 2508 1773 2547 Plinio
1807 2507 1896 2546 Lia-

293 2563 468 2604 declaras
500 2576 555 2603 ex
576 2563 660 2602 BD
700 2560 719 2616 Η
765 2563 1128 2615 mesophotamia
1158 2563 1181 2602 b
1219 2559 1239 2616 [l
1280 2564 1331 2602 19
1364 2563 1577 2603 eufraten
1599 2563 1638 2602 D
1678 2559 1697 2615 ΙΙ
1742 2562 1900 2614 tygrin

293 2621 334 2658 D
384 2617 403 2672 ΙΙ
452 2619 654 2671 sophone
676 2618 760 2658 BD
810 2616 828 2671 ΙΙ
878 2621 932 2659 20
963 2631 1063 2659 eam
1094 2619 1179 2658 BD
1220 2618 1359 2658 etiam
1385 2632 1417 2670 p
1467 2615 1486 2671 ΙΙ
1535 2630 1727 2669 magene
1758 2616 1820 2656 B¹
1858 2614 1879 2671 Η

297 2678 343 2714 et
381 2675 506 2715 ultra
546 2675 749 2714 armenia
791 2678 836 2714 et
876 2676 1031 2726 asyrIa
1063 2672 1227 2726 (asiria
1259 2672 1356 2724 RD)
1389 2678 1504 2713 ante
1545 2670 1702 2723 (antea
1733 2671 1894 2722 B¹RD)

294 2730 422 2771 dicta
455 2735 501 2770 et
520 2731 601 2771 ubi
621 2729 787 2771 Cilicia
819 2733 864 2770 et
884 2730 1056 2770 Arabia
1080 2730 1201 2770 BRD
1234 2733 1280 2769 et
1301 2729 1425 2768 ultra
1444 2728 1733 2768 Armaeniam
1756 2727 1896 2768 Adia-

293 2786 411 2826 bene
432 2787 624 2838 Assyria
655 2784 713 2825 afi
739 2784 825 2826 dcii.
859 2789 905 2825 el:
934 2786 1013 2826 ubi
1045 2784 1257 2825 Ciliciam
1289 2785 1481 2836 attingit
1510 2783 1772 2824 Antiochia.
1805 2784 1895 2824 Lo-

294 2842 451 2892 gitudo
484 2844 543 2882 ei’
575 2843 698 2882 inter
730 2840 893 2882 Cilicia
922 2840 959 2881 ἃ
988 2841 1159 2881 Arabia
1186 2855 1216 2892 p
1256 2837 1274 2893 [l
1313 2841 1366 2880 21
1398 2839 1552 2880 cicilia
1571 2838 1631 2878 Bl
1670 2837 1689 2892 [l
