1982 3230
757 106 954 149 mmm
976 105 1072 148 1111
1238 75 1242 79 ⁴
1599 100 1699 154 123

23 175 43 232 ”ij

100 250 230 303 noli
280 263 538 300 currere
599 263 697 297 non
749 248 861 298 facit
911 249 1247 313 quaestionem
1298 251 1465 296 utrum
1515 253 1697 295 currat.

101 320 234 372 nulla
260 320 454 388 quidem
482 320 702 384 quaestio
738 320 818 369 hic
845 325 1004 384 potest
1040 317 1256 382 intellegi
1291 323 1458 367 utrum
1495 331 1699 366 currere

103 392 294 443 debeat.
367 391 462 440 hoc
489 391 621 439 enim
656 406 714 439 ex
752 391 926 440 aientia
954 396 1002 438 et
1038 389 1301 452 negatione
1338 394 1510 438 natum
1547 394 1622 436 est
1646 393 1701 436 ut

103 477 359 515 currere
403 460 587 510 debet
630 467 678 510 et
721 475 985 510 currere
1028 474 1147 508 non
1192 458 1392 508 debet.
1469 458 1562 507 hoc
1586 458 1702 507 facit

58 545 80 579 5
102 541 150 585 et
174 533 417 598 optatiuus
442 531 634 581 modus,
711 546 823 581 cum
859 531 987 580 enim
1032 528 1175 594 plena
1212 530 1273 577 sit
1315 530 1555 578 sententia
1583 544 1695 578 cum
1722 539 1852 583 1206

100 605 318 654 dicamus
353 603 591 651 utinam
627 601 924 658 scribam,
949 602 1200 649 ‘utinam
1237 614 1356 648 non
1400 598 1696 664 scribam,

98 687 195 724 non
222 680 383 738 potest
409 673 521 722 hinc
550 675 683 722 nasci
710 673 930 737 quaestio
956 676 1121 720 utrum
1152 669 1349 719 scribat.
1425 670 1511 718 sed
1538 668 1698 733 plera·
1731 684 1814 724 392

97 759 194 809 que
219 743 330 794 talia
359 749 499 793 sunt:
536 743 658 792 haec
685 742 743 792 ad
773 741 1051 806 exemplum
1088 741 1346 790 sufficiant.
1422 740 1552 805 quod
1581 755 1699 804 ergo

39 853 44 859 .
98 815 247 866 fuerit
272 816 487 864 iunctum
516 830 573 863 ex
613 815 810 863 nomine
838 820 885 862 et
909 812 1090 869 uerb0,
1138 813 1177 860 si
1205 811 1405 876 plenum
1443 826 1625 859 nomen
1653 819 1699 860 et

34 899 76 932 10
100 885 299 953 plenum
326 882 575 950 <uerbum
602 886 687 939 sit,
718 885 995 934 necessario
1021 884 1137 932 facit
1163 883 1455 931 sententiam
1484 882 1566 931 sed
1599 897 1698 930 non

22 1014 26 1020 ¹
99 957 377 1007 necessario
403 956 517 1004 facit
542 955 873 1020 proloquium.
949 955 989 1003 si
1015 955 1145 1003 enim
1175 960 1248 1003 est
1277 949 1430 1021 [quod
1459 954 1552 1001 iam
1583 949 1695 1020 est],

99 1027 347 1077 adfirmari
384 1034 431 1076 et
460 1028 630 1089 negari
656 1032 832 1090 potest.
909 1031 957 1074 et
982 1039 1129 1088 supra
1157 1024 1366 1072 diximus
1384 1062 1395 1079 ,
1425 1022 1575 1072 multa
1604 1023 1699 1072 dici

98 1097 240 1163 plena
271 1098 535 1153 sententia,
566 1111 690 1159 quae
715 1104 879 1145 tamen
907 1096 1156 1144 adfirmari
1183 1101 1228 1143 et
1254 1094 1423 1158 negari
1458 1109 1558 1143 non
1583 1109 1696 1158 pos·

100 1174 228 1218 sunt.
280 1166 478 1232 plenum
506 1168 656 1231 igitur
680 1166 994 1232 proloquium
1024 1172 1097 1214 est
1124 1168 1138 1192 (
1158 1166 1317 1214 omnis
1342 1165 1491 1213 homo
1518 1164 1696 1214 animal

33 1250 75 1284 ιε
99 1240 199 1288 est'
242 1244 290 1287 et
323 1239 548 1301 quamuis
587 1245 759 1287 natura
804 1236 923 1286 illud
961 1239 1117 1300 exigat
1156 1242 1209 1285 ut
1243 1237 1404 1299 primo
1440 1250 1622 1284 nomen
1651 1243 1699 1284 et

99 1315 269 1374 postea
299 1307 507 1357 uerbum
536 1308 741 1364 dicatur,
772 1314 825 1355 ut
851 1308 1035 1356 dictum
1064 1313 1149 1364 est,
1178 1320 1276 1354 non
1305 1305 1485 1355 desinit
1521 1321 1696 1356 uerum

100 1393 209 1430 esse
234 1377 549 1442 proloquium
578 1380 722 1427 etiam
751 1379 788 1427 si
818 1378 951 1427 dicas
977 1381 1070 1427 eest
1095 1375 1275 1426 animal
1303 1377 1461 1425 omnis
1487 1377 1672 1427 homo'.

237 1447 478 1514 Quicquid
504 1450 768 1498 accesserit
792 1448 906 1498 huic
942 1449 1210 1498 sententiae
1238 1448 1317 1497 cui
1343 1449 1470 1512 parti
1497 1447 1699 1498 accedat

93 1518 351 1585 diligenter
376 1520 643 1569 uidendum
671 1527 758 1569 est.
810 1534 921 1568 nam
950 1525 1063 1568 sunt
1088 1518 1335 1584 proloquii
1361 1526 1526 1581 partes
1553 1519 1695 1568 duae.
1729 1520 1811 1560 393

29 1602 73 1636 ιο
94 1606 220 1657 quae
243 1592 295 1639 in
322 1592 518 1640 nomine
542 1605 666 1639 una:
695 1601 1041 1641 SVBIECTIVA
1069 1589 1298 1655 dicitur,>
1318 1605 1442 1653 quae
1468 1590 1516 1638 in
1541 1589 1697 1638 uerbo

92 1672 518 1711 DECLARATIVA.
548 1661 785 1710 subicitur
802 1663 930 1710 enim
945 1660 1061 1723 quid
1077 1661 1138 1708 sit
1151 1667 1198 1709 et
1214 1658 1492 1709 declaratur
1506 1660 1698 1723 quidde

91 1731 175 1781 illo
195 1733 348 1796 possit
365 1731 596 1794 intellegi.
627 1747 735 1780 cum
751 1746 868 1794 ergo
889 1730 1321 1780 dicimusCicero
1343 1730 1633 1791 disputat,
1658 1732 1698 1780 si

94 1803 294 1852 accedat
311 1802 425 1851 huic
445 1803 713 1851 sententiae
739 1803 796 1850 in
817 1801 898 1850 Tu
913 1801 1127 1851 sculan
1144 1817 1188 1858 0,
1217 1800 1512 1850 declaratiue
1532 1816 1697 1851 acces-

96 1873 172 1929 sit,
193 1874 232 1921 si
251 1873 451 1921 accedat
469 1872 509 1921 R
523 1888 551 1921 o
566 1888 613 1921 m
628 1887 652 1920 a
666 1887 696 1921 n
710 1888 791 1928 us,
814 1871 1098 1922 subiectiue.
1135 1873 1251 1921 item
1273 1873 1312 1919 si
1335 1871 1534 1920 accedat
1552 1887 1582 1936 p
1596 1887 1663 1921 ru
1678 1900 1697 1910 -

31 1953 74 1987 25
98 1943 314 1992 denter
350 1950 398 1991 et
432 1944 710 2007 copiose,
751 1942 1063 1992 declaratiue.
1136 1944 1252 1991 item
1281 1944 1321 1990 si
1349 1942 1527 1991 dicitur
1565 1958 1696 1992 cum

98 2013 354 2069 Catone,
393 2012 688 2063 declaratiue
724 2015 943 2063 accessit.
1019 2013 1248 2077 quicquid
1288 2013 1436 2076 igitur
1474 2014 1696 2062 nomina-

97 2085 198 2133 tiuo
219 2085 350 2133 casui
376 2085 576 2140 accedit,
605 2083 874 2134 subiectiue
901 2084 1103 2133 accedit.
1144 2083 1375 2149 quicquid
1397 2082 1696 2133 declaratiue

98 2154 298 2210 accedit,
327 2156 475 2203 uariis
502 2155 696 2204 casibus
723 2163 771 2204 et
805 2155 963 2203 modis
989 2154 1191 2204 accedit.
1269 2169 1382 2203 nam
1422 2154 1695 2204 subiectiue

96 2239 195 2274 non
222 2233 426 2288 possunt
451 2224 528 2274 alii
567 2240 708 2275 casus
734 2226 996 2281 accedere,
1025 2224 1324 2274 declaratiue
1360 2240 1460 2273 non
1499 2226 1590 2273 nisi
1618 2224 1695 2275 alii

29 2306 75 2340 ω
97 2301 299 2359 excepto
326 2297 641 2344 nominatiuo.
716 2295 837 2346 illud
864 2303 1023 2345 tamen
1051 2295 1305 2345 sciendum
1334 2310 1480 2359 posse
1506 2296 1614 2344 fieri
1643 2303 1697 2344 ut
1727 2296 1812 2336 394

95 2364 303 2414 uerbum
330 2366 390 2415 sit
422 2366 473 2414 in
511 2366 804 2421 subiectiua,
843 2382 1024 2416 nomen
1061 2368 1110 2414 in
1146 2365 1468 2421 declaratiua,
1507 2366 1592 2415 sed
1629 2367 1696 2414 ita

205 2492 230 2531 2
265 2503 394 2531 curre
416 2493 454 2532 R
488 2488 508 2545 Η
543 2494 568 2533 3
599 2497 748 2532 utrum
773 2506 953 2533 currere
976 2493 1143 2534 debeat
1163 2507 1187 2532 r
1213 2489 1234 2546 l}
1269 2494 1294 2533 5
1325 2497 1371 2532 et
1392 2494 1491 2534 add.
1511 2491 1630 2534 Vale.
1657 2488 1681 2546 ss

94 2547 121 2588 6
150 2547 323 2587 utinam
345 2548 544 2588 scribam
566 2561 642 2590 om.
665 2547 779 2589 B¹R¹
818 2545 840 2603 ss
879 2551 928 2588 11
962 2550 1082 2601 quod
1101 2549 1191 2589 iam
1216 2553 1287 2589 est
1314 2549 1366 2588 ab
1386 2550 1696 2601 interpolatore

96 2604 280 2645 additum
302 2609 376 2651 est,
438 2606 481 2644 ui
508 2618 590 2645 non
617 2605 886 2658 intelleyebat
914 2607 973 2645 ad
1002 2606 1040 2644 si
1073 2606 1193 2655 enim
1223 2610 1292 2645 est
1320 2606 1572 2644 audiendum
1602 2618 1696 2646 esse

95 2659 381 2714 proloquium
410 2619 438 2715 ἵ]
480 2662 531 2702 13
563 2660 793 2700 adfirmari
826 2665 871 2701 et
900 2662 1062 2714 negari
1084 2674 1176 2701 non
1206 2665 1396 2713 possunt
1418 2661 1442 2700 b
1475 2660 1697 2701 affirmari

95 2726 184 2756 non
203 2721 392 2770 possunt
415 2721 460 2756 et
481 2718 641 2770 negari
661 2730 751 2757 non
772 2721 962 2770 possunt
984 2718 1022 2756 D
1045 2716 1274 2757 adfirmari
1295 2718 1443 2769 possit
1466 2721 1513 2756 et
1533 2718 1698 2771 negari

96 2772 301 2825 possitB
347 2770 367 2827 Η
412 2775 464 2814 21
497 2773 782 2814 declinatiua
804 2774 841 2813 R
879 2771 898 2827 {l
937 2775 991 2814 25
1022 2774 1134 2813 item
1165 2773 1203 2812 si
1233 2773 1696 2814 dicitur—declara-

96 2826 193 2868 tiue
221 2840 299 2871 om.
326 2830 365 2870 R
410 2826 430 2883 Η
478 2831 532 2870 26
572 2827 771 2870 accessit
798 2829 840 2868 B
872 2830 1014 2870 cessit
1035 2831 1072 2870 R
1120 2826 1140 2884 ss
1186 2831 1241 2869 29
1281 2828 1362 2869 alii
1390 2832 1549 2882 scripsi
1576 2830 1698 2870 uarii

97 2882 179 2924 BR
224 2880 245 2938 ss
292 2887 346 2926 30
378 2890 448 2926 est
478 2892 575 2927 ante
603 2899 742 2940 posse
776 2887 876 2927 add.
899 2887 936 2926 R
984 2883 1003 2939 Η
1051 2888 1103 2927 31
1136 2885 1420 2926 declinatiua
1440 2887 1479 2928 R
1516 2883 1535 2939 ΙΙ
