1924 3282
416 0 519 22 >
568 0 641 31 (ε’
667 0 1008 38 ’··»κ*3·’τ.τ·.κέῑ··”’
1135 0 1138 2 ’
1182 0 1186 2 ·

735 149 924 191 LIBER
952 150 1024 192 111
1617 147 1695 201 57·

4 282 210 347 Quone
247 291 507 340 coniuncta
543 289 640 340 sint
674 290 744 339 sic
775 295 831 340 ut.
865 291 1041 340 ceteris
1085 289 1276 340 artibus
1312 289 1685 356 comprobatur.

4 365 27 390 ⁷⁸
77 375 190 410 nam
241 366 290 410 et
321 365 458 409 actor
498 366 763 423 cognoscet
807 362 967 425 primo
1014 375 1139 425 quae
1174 360 1336 411 ualeat
1371 363 1599 419 actitare,
1637 369 1688 411 et

77 437 390 481 astronomus
426 430 666 494 quaedam
702 430 817 479 facit
851 437 904 480 ut
938 445 1028 495 per
1051 429 1120 481 ⁴ea
1148 438 1414 495 cognoscat
1449 430 1686 496 quae-de-

6 543 13 551 .
76 499 192 550 beat
239 499 582 564 comprobare.
657 501 830 550 miscet
881 502 1025 550 etiam
1085 507 1351 566 utrumque
1409 506 1687 566 geometres

6 571 257 636 {equippe
282 571 468 620 formas
494 569 850 620 theorematum
891 586 1002 620 cum
1045 571 1320 621 rationibus
1355 573 1504 621 certis
1540 572 1688 621 efficit

0 673 7 694 .·
76 646 124 691 et
149 641 414 703 cognoscit.

17 767 20 769 ,
215 710 387 760 Partes
413 715 574 760 autem
613 726 751 761 meae
789 717 903 760 sunt
928 716 1161 775 quattuor
1183 711 1375 762 litterae
1404 710 1677 761 litteratura
1710 728 1801 769 231-

11 775 17 830 s
73 779 316 830 litteratus
342 780 570 830 litterate.
642 780 831 830 litterae
881 789 994 831 sunt
1038 796 1161 847 quas
1188 782 1359 841 doce0‚
1410 781 1684 831 litteratura

17 868 25 911 j
73 851 176 915 ipsa
205 866 329 916 quae
356 851 526 908 doceo,
560 850 808 902 litteratus
835 867 981 916 quem
1021 851 1255 910 docuere,
1292 852 1506 902 litterate
1553 853 1683 917 quod

2 923 53 979 ,έο
74 922 231 986 perite
257 922 546 970 tractauerit
572 937 718 986 quem
750 923 976 971 informo.
1029 923 1267 986 profiteor
1294 928 1456 972 autem
1487 922 1547 972 de
1575 937 1684 971 ora-

16 993 17 996 ’
74 991 219 1040 tionis
253 996 424 1040 natura
463 1006 650 1055 usuque
681 998 905 1042 tractare.
967 999 1139 1041 natura
1181 999 1256 1047 est
1292 1009 1350 1042 ex
1378 993 1558 1055 quibus
1584 993 1684 1041 for-

73 1068 235 1111 metur
282 1062 452 1110 oratio,
513 1076 631 1110 usus
668 1078 778 1111 cum
817 1063 985 1111 eadem
1023 1064 1209 1111 utImur
1252 1062 1542 1127 appellatur.
1608 1062 1686 1112 his

75 1132 219 1180 etiam
271 1133 502 1180 materies
554 1132 846 1181 admonetur
895 1139 950 1181 ut
999 1133 1059 1182 de
1107 1148 1202 1197 qua
1238 1148 1294 1182 re
1333 1133 1596 1182 dicendum
1624 1133 1686 1182 sit

74 1202 405 1250 aestimemus
468 1203 624 1250 oratio
661 1203 762 1265 ipsa
811 1218 932 1252 uero
978 1202 1137 1252 tribus
1183 1203 1419 1267 gradibus
1463 1203 1685 1253 eruditur

11 1284 54 1316 15
76 1270 124 1320 id
153 1277 226 1320 est
252 1287 310 1321 ex
336 1270 522 1328 litteris,
552 1271 747 1336 syllabis
774 1278 821 1321 et
847 1288 904 1321 ex
933 1272 1114 1322 uerbis,
1744 1276 1799 1314 52
1820 1273 1875 1316 Gr*

218 1340 399 1390 Verum
425 1342 475 1389 in
502 1341 678 1390 litteris
705 1344 901 1405 gemina
939 1344 1159 1407 quaestio
1187 1343 1484 1392 diuersatur.
1544 1357 1682 1392 nam·
1716 1350 1799 1391 232

75 1425 171 1474 que
206 1417 289 1459 aut
322 1410 570 1460 naturales
606 1418 720 1460 sunt
757 1418 840 1460 aut
884 1413 1100 1462 effectae.
1172 1419 1347 1463 natura
1384 1415 1512 1462 enim
1569 1415 1685 1463 insi—

74 1486 256 1530 nuante
294 1494 462 1529 earum
501 1483 699 1531 nomina
725 1481 1031 1546 in·loquendi
1058 1482 1376 1533 substantiam
1405 1490 1684 1548 procreata,

75 1550 334 1600 artificiosa
370 1566 492 1600 uero
529 1552 758 1601 formatio
788 1568 955 1602 earum
983 1552 1136 1617 lineas
1163 1569 1284 1618 quas
1309 1553 1574 1604 scribimus
1601 1555 1684 1604 de-

10 1632 54 1666 20
75 1612 285 1684 signauit.
311 1620 370 1670 ad
392 1621 488 1670 hoc
515 1627 568 1671 ut
583 1630 866 1686 praesentes
892 1639 988 1673 una
1016 1625 1101 1685 uti,
1131 1624 1360 1674 absentes
1386 1624 1477 1673 alia
1497 1626 1685 1689 potuis-

10 1730 25 1739 .
75 1696 198 1740 sent.
251 1696 398 1754 atque
423 1691 487 1740 ita
515 1707 574 1740 ex
601 1692 693 1740 hac
718 1699 874 1755 parte,
903 1708 999 1756 qua
1027 1694 1262 1743 scribitur
1288 1693 1507 1760 (mutae,
1534 1710 1590 1743 ex
1605 1694 1681 1743 illa

74 1775 169 1824 qua
196 1759 374 1824 legitur
401 1776 551 1811 uoces
576 1770 690 1811 sunt
714 1762 1011 1826 appellatae,
1043 1765 1081 1812 si
1108 1765 1305 1828 quidem
1333 1765 1455 1814 haec
1482 1764 1685 1814 auribus

72 1835 278 1886 tantum.
307 1830 390 1881 illa
416 1831 533 1880 solis
560 1831 724 1880 oculis·
741 1831 905 1881 ualeat
931 1834 1283 1897 conprehendi.

215 1900 430 1950 Litterae
455 1902 603 1964 igitur
631 1901 750 1951 aliae
777 1910 905 1960 sunt,
934 1919 1060 1968 quae
1095 1918 1185 1967 per
1219 1919 1272 1954 se
1298 1905 1500 1954 efficere
1526 1910 1682 1954 totum
1715 1911 1813 1951 233.

9 1983 52 2019 25
76 1968 282 2026 valeant,
308 1969 430 2019 aliae
449 1985 574 2034 quae
595 1971 729 2020 nihil.
774 1988 886 2021 nam
906 1974 1120 2030 uocales,
1142 1990 1262 2038 quas
1282 1975 1457 2024 Graeci
1478 1981 1683 2040 septem,

74 2039 314 2088 Romulus
339 2055 439 2097 sex,
466 2055 585 2090 usus
610 2043 854 2104 posterior
880 2044 1098 2107 quinque
1116 2051 1506 2106 ,commemorah
1534 2045 1573 2093 Y
1598 2061 1684 2095 ue-

75 2107 147 2158 lut
172 2109 360 2159 Graeca
388 2112 588 2160 reiecta.
640 2111 733 2161 hae
760 2119 924 2162 tamen
951 2115 999 2161 in
1015 2113 1151 2163 Latio
1178 2129 1311 2163 nunc
1329 2115 1684 2178 producinunc

75 2179 324 2237 contrahi,
363 2195 495 2230 nunc
528 2182 634 2230 acui
670 2197 803 2231 nunc
837 2184 1034 2246 grauari
1062 2183 1141 2233 uel
1169 2186 1313 2233 etiam
1343 2185 1684 2243 circumflecti,

74 2263 204 2298 nunc
238 2251 497 2314 aggregari
532 2266 665 2300 nunc
715 2252 918 2302 distrahi
969 2255 1075 2302 sine
1112 2255 1301 2304 iactura
1350 2257 1425 2304 sui
1470 2257 1684 2305 nominis

12 2333 52 2367 ao
74 2325 293 2382 possunt.
345 2321 492 2370 modo
518 2320 651 2371 solae
676 2321 886 2388 syllabas
920 2324 1158 2381 formant,
1187 2340 1328 2390 nunc
1357 2333 1685 2376 consonantes

76 2389 329 2453 utrimque
366 2391 651 2455 suscipiunt.
712 2392 1009 2459 uocalesque
1043 2409 1142 2444 non
1172 2394 1334 2444 nullae
1361 2396 1509 2444 modo
1548 2410 1601 2445 se
1637 2397 1691 2444 in

73 2459 234 2507 uicem
270 2466 475 2516 mutant,
514 2475 645 2510 nunc
672 2462 764 2511 sibi
790 2478 900 2512 cum
938 2463 1118 2513 decore
1153 2466 1437 2514 succedunt.
1500 2467 1685 2530 quippe

73 2526 430 2595 Aple-rumque
464 2530 513 2579 in
539 2530 578 2580 E
605 2533 978 2591 transuertitur,
1015 2549 1126 2583 nam
1166 2536 1343 2599 capio
1381 2535 1514 2598 cepi
1551 2535 1685 2584 facit.

74 2612 206 2647 nunc
233 2598 281 2647 in
309 2600 328 2648 l
355 2600 586 2664 utsalip
613 2601 843 2652 insilio,
871 2605 1078 2653 nuncin
1107 2603 1146 2653 Ο
1190 2611 1243 2653 ut
1276 2603 1500 2669 plaudo
1545 2604 1693 2670 plo*

188 2755 210 2791 1
243 2754 290 2792 in
313 2754 480 2794 ceteris
502 2754 526 2794 b
566 2751 585 2807 Η
623 2756 650 2794 4
679 2755 846 2795 miscet
866 2757 906 2796 D
925 2757 1054 2797 misit
1074 2757 1155 2798 BR
1194 2755 1212 2811 Η
1254 2759 1303 2797 11
1334 2758 1559 2797 formatur
1580 2758 1603 2798 b
1643 2756 1665 2812 Π

59 2808 128 2857 ,14
157 2820 266 2849 uero
298 2810 401 2861 ipsa
422 2811 459 2850 R
496 2807 517 2863 Η
539 2812 590 2850 15
621 2810 666 2850 id
688 2814 759 2851 est
786 2825 865 2854 om.
886 2813 922 2852 R
961 2810 980 2866 ΙΙ
1020 2814 1071 2853 21
1105 2825 1221 2865 quae
1243 2812 1341 2853 RB¹
1371 2810 1389 2866 Η
1427 2815 1481 2854 29
1515 2826 1689 2867 aggra·
1762 2855 1771 2863 ‚

72 2862 114 2902 ri
133 2863 173 2903 D
198 2861 219 2918 ΙΙ
255 2866 306 2905 31
329 2865 492 2906 ‘nullas
514 2866 599 2906 BD
627 2880 741 2907 corr.
764 2881 796 2919 p
822 2856 844 2921 ῙΙ
871 2870 924 2909 32
956 2881 1100 2920 nuper
1115 2868 1200 2909 BD
1228 2882 1342 2910 corr.
1362 2870 1610 2911 Herc-herus

73 2918 128 2958 33
149 2920 331 2973 coepiB
370 2918 389 2974 ΙΙ
427 2922 482 2963 34
501 2922 671 2973 plaudo
693 2922 912 2976 plostrum
932 2926 1091 2976 scripsi
1117 2924 1323 2977 plaustro
1344 2924 1519 2978 plostro
1529 2926 1615 2966 BD
1666 2966 1669 2970 .
