<?xml version="1.0" encoding="UTF-8"?>
<!DOCTYPE html PUBLIC "-//W3C//DTD XHTML 1.0 Transitional//EN"
    "http://www.w3.org/TR/xhtml1/DTD/xhtml1-transitional.dtd">
<html xmlns="http://www.w3.org/1999/xhtml" xml:lang="en" lang="en">
 <head>
  <title>
</title>
<meta http-equiv="Content-Type" content="text/html;charset=utf-8" />
  <meta name='ocr-system' content='tesseract 3.04.00' />
  <meta name='ocr-capabilities' content='ocr_page ocr_carea ocr_par ocr_line ocrx_word'/>
</head>
<body>
  <div class='ocr_page' id='page_1' title='image "./martianvscapella00martuoft_0298.png"; bbox 0 0 1982 3230; ppageno 0'>
   <div class='ocr_carea' id='block_1_1' title="bbox 175 392 258 434">
    <p class='ocr_par' dir='ltr' id='par_1_1' title="bbox 175 392 258 434">
     <span class='ocr_line' id='line_1_1' title="bbox 175 392 258 434; baseline -0.024 0"><span class='ocrx_word' id='word_1_1' title='bbox 175 392 258 434; x_wconf 82' lang='grc'><strong>656</strong></span> 
     </span>
    </p>
   </div>
   <div class='ocr_carea' id='block_1_2' title="bbox 285 0 1982 235">
    <p class='ocr_par' dir='ltr' id='par_1_2' title="bbox 285 0 1982 235">
     <span class='ocr_line' id='line_1_2' title="bbox 285 0 1982 235; baseline -0.008 -87"><span class='ocrx_word' id='word_1_2' title='bbox 285 94 392 147; x_wconf 87' lang='grc'><strong>224</strong></span> <span class='ocrx_word' id='word_1_3' title='bbox 766 93 1066 137; x_wconf 79' lang='lat' dir='ltr'>MARTIANI</span> <span class='ocrx_word' id='word_1_4' title='bbox 1096 93 1415 138; x_wconf 76' lang='lat' dir='ltr'>CAPELLAE</span> <span class='ocrx_word' id='word_1_5' title='bbox 1912 0 1982 235; x_wconf 59' lang='grc' dir='ltr'><strong>Ἰ</strong></span> 
     </span>
    </p>
   </div>
   <div class='ocr_carea' id='block_1_3' title="bbox 289 236 1982 583">
    <p class='ocr_par' dir='ltr' id='par_1_3' title="bbox 289 236 1982 583">
     <span class='ocr_line' id='line_1_3' title="bbox 289 236 1982 302; baseline 0 -13"><span class='ocrx_word' id='word_1_6' title='bbox 289 238 460 289; x_wconf 89' lang='lat' dir='ltr'><strong>mundi</strong></span> <span class='ocrx_word' id='word_1_7' title='bbox 486 236 722 285; x_wconf 88' lang='lat' dir='ltr'><strong>asseritur</strong></span> <span class='ocrx_word' id='word_1_8' title='bbox 762 249 859 284; x_wconf 88' lang='lat' dir='ltr'><strong>non</strong></span> <span class='ocrx_word' id='word_1_9' title='bbox 900 241 1099 300; x_wconf 88' lang='lat' dir='ltr'><strong>operta,</strong></span> <span class='ocrx_word' id='word_1_10' title='bbox 1139 236 1270 302; x_wconf 92' lang='lat' dir='ltr'><strong>quod</strong></span> <span class='ocrx_word' id='word_1_11' title='bbox 1295 238 1464 302; x_wconf 90' lang='lat' dir='ltr'><strong>utique</strong></span> <span class='ocrx_word' id='word_1_12' title='bbox 1491 239 1731 302; x_wconf 87' lang='lat' dir='ltr'><strong>praestitit</strong></span> <span class='ocrx_word' id='word_1_13' title='bbox 1757 253 1899 291; x_wconf 87' lang='lat' dir='ltr'><strong>mon·</strong></span> <span class='ocrx_word' id='word_1_14' title='bbox 1966 239 1982 280; x_wconf 65' lang='lat' dir='ltr'><strong>&#39;i</strong></span> 
     </span>
     <span class='ocr_line' id='line_1_4' title="bbox 291 305 1970 358; baseline -0.001 0"><span class='ocrx_word' id='word_1_15' title='bbox 291 309 410 358; x_wconf 91' lang='lat' dir='ltr'><strong>tium</strong></span> <span class='ocrx_word' id='word_1_16' title='bbox 439 305 692 355; x_wconf 89' lang='lat' dir='ltr'><strong>celsitud0.</strong></span> <span class='ocrx_word' id='word_1_17' title='bbox 1438 339 1447 352; x_wconf 36' lang='grc' dir='ltr'>κ</span> <span class='ocrx_word' id='word_1_18' title='bbox 1967 315 1970 318; x_wconf 69' lang='grc'><em>“</em></span> 
     </span>
     <span class='ocr_line' id='line_1_5' title="bbox 432 375 1899 444; baseline 0.003 -20"><span class='ocrx_word' id='word_1_19' title='bbox 432 376 662 440; x_wconf 75' lang='lat' dir='ltr'><strong>Sequitur</strong></span> <span class='ocrx_word' id='word_1_20' title='bbox 683 375 909 433; x_wconf 86' lang='lat' dir='ltr'><strong>Thracia,</strong></span> <span class='ocrx_word' id='word_1_21' title='bbox 937 378 1076 426; x_wconf 87' lang='lat' dir='ltr'><strong>cuius</strong></span> <span class='ocrx_word' id='word_1_22' title='bbox 1102 375 1292 427; x_wconf 81' lang='lat' dir='ltr'>incolae</span> <span class='ocrx_word' id='word_1_23' title='bbox 1318 376 1518 428; x_wconf 91' lang='lat' dir='ltr'><strong>barbari</strong></span> <span class='ocrx_word' id='word_1_24' title='bbox 1538 377 1723 428; x_wconf 84' lang='lat' dir='ltr'><strong>habent</strong></span> <span class='ocrx_word' id='word_1_25' title='bbox 1747 393 1899 444; x_wconf 77' lang='lat' dir='ltr'><strong>appe-</strong></span> 
     </span>
     <span class='ocr_line' id='line_1_6' title="bbox 289 447 1899 514; baseline 0.001 -18"><span class='ocrx_word' id='word_1_26' title='bbox 289 448 428 497; x_wconf 87' lang='lat' dir='ltr'><strong>titum</strong></span> <span class='ocrx_word' id='word_1_27' title='bbox 457 447 725 496; x_wconf 84' lang='lat' dir='ltr'><strong>maximum</strong></span> <span class='ocrx_word' id='word_1_28' title='bbox 754 450 953 503; x_wconf 77' lang='lat' dir='ltr'><strong>mortiS,</strong></span> <span class='ocrx_word' id='word_1_29' title='bbox 993 452 1041 497; x_wconf 89' lang='lat' dir='ltr'><strong>et</strong></span> <span class='ocrx_word' id='word_1_30' title='bbox 1067 448 1150 511; x_wconf 92' lang='lat' dir='ltr'><strong>qui</strong></span> <span class='ocrx_word' id='word_1_31' title='bbox 1175 462 1200 495; x_wconf 91' lang='lat' dir='ltr'><strong>a</strong></span> <span class='ocrx_word' id='word_1_32' title='bbox 1229 447 1428 497; x_wconf 84' lang='lat' dir='ltr'><strong>dextera</strong></span> <span class='ocrx_word' id='word_1_33' title='bbox 1458 455 1595 512; x_wconf 89' lang='lat' dir='ltr'><strong>parte</strong></span> <span class='ocrx_word' id='word_1_34' title='bbox 1622 449 1899 514; x_wconf 79' lang='lat' dir='ltr'><strong>Strymonis</strong></span> 
     </span>
     <span class='ocr_line' id='line_1_7' title="bbox 291 515 1982 583; baseline -0.001 -16"><span class='ocrx_word' id='word_1_35' title='bbox 291 518 476 582; x_wconf 88' lang='lat' dir='ltr'><strong>degunt</strong></span> <span class='ocrx_word' id='word_1_36' title='bbox 510 517 648 566; x_wconf 83' lang='lat' dir='ltr'><strong>Bessi</strong></span> <span class='ocrx_word' id='word_1_37' title='bbox 684 523 732 566; x_wconf 93' lang='lat' dir='ltr'><strong>et</strong></span> <span class='ocrx_word' id='word_1_38' title='bbox 768 515 1081 572; x_wconf 80' lang='lat' dir='ltr'><strong>Denseletae,</strong></span> <span class='ocrx_word' id='word_1_39' title='bbox 1118 517 1400 583; x_wconf 88' lang='lat' dir='ltr'><strong>Mestusque</strong></span> <span class='ocrx_word' id='word_1_40' title='bbox 1434 519 1615 575; x_wconf 90' lang='lat' dir='ltr'><strong>amnis,</strong></span> <span class='ocrx_word' id='word_1_41' title='bbox 1654 521 1737 582; x_wconf 92' lang='lat' dir='ltr'><strong>qui</strong></span> <span class='ocrx_word' id='word_1_42' title='bbox 1771 518 1896 568; x_wconf 91' lang='lat' dir='ltr'><strong>Pan·</strong></span> <span class='ocrx_word' id='word_1_43' title='bbox 1940 531 1982 566; x_wconf 62' lang='lat'><strong>5„</strong></span> 
     </span>
    </p>
   </div>
   <div class='ocr_carea' id='block_1_4' title="bbox 140 586 1894 653">
    <p class='ocr_par' dir='ltr' id='par_1_4' title="bbox 140 586 1894 653">
     <span class='ocr_line' id='line_1_8' title="bbox 140 586 1894 653; baseline 0 -15"><span class='ocrx_word' id='word_1_44' title='bbox 140 603 273 645; x_wconf 82' lang='lat' dir='ltr'><strong><em>212G</em></strong></span> <span class='ocrx_word' id='word_1_45' title='bbox 293 602 471 652; x_wconf 84' lang='lat' dir='ltr'><strong>gaeum</strong></span> <span class='ocrx_word' id='word_1_46' title='bbox 507 586 675 636; x_wconf 89' lang='lat' dir='ltr'><strong>ambit.</strong></span> <span class='ocrx_word' id='word_1_47' title='bbox 752 602 863 636; x_wconf 87' lang='lat' dir='ltr'><strong>narn</strong></span> <span class='ocrx_word' id='word_1_48' title='bbox 901 586 1122 637; x_wconf 80' lang='lat' dir='ltr'><strong>Hebrum</strong></span> <span class='ocrx_word' id='word_1_49' title='bbox 1160 586 1395 653; x_wconf 81' lang='lat' dir='ltr'><strong>Odrysiae</strong></span> <span class='ocrx_word' id='word_1_50' title='bbox 1442 589 1581 639; x_wconf 89' lang='lat' dir='ltr'><strong>niues</strong></span> <span class='ocrx_word' id='word_1_51' title='bbox 1629 587 1894 653; x_wconf 89' lang='lat' dir='ltr'><strong>complent,</strong></span> 
     </span>
    </p>
   </div>
   <div class='ocr_carea' id='block_1_5' title="bbox 179 1161 260 1202">
    <p class='ocr_par' dir='ltr' id='par_1_5' title="bbox 179 1161 260 1202">
     <span class='ocr_line' id='line_1_9' title="bbox 179 1161 260 1202; baseline 0 -1"><span class='ocrx_word' id='word_1_52' title='bbox 179 1161 260 1202; x_wconf 79' lang='grc'><strong>657</strong></span> 
     </span>
    </p>
   </div>
   <div class='ocr_carea' id='block_1_6' title="bbox 291 656 1982 1776">
    <p class='ocr_par' dir='ltr' id='par_1_6' title="bbox 291 656 1982 1776">
     <span class='ocr_line' id='line_1_10' title="bbox 295 656 1897 724; baseline 0.001 -16"><span class='ocrx_word' id='word_1_53' title='bbox 295 660 380 724; x_wconf 91' lang='lat' dir='ltr'><strong>qui</strong></span> <span class='ocrx_word' id='word_1_54' title='bbox 406 660 534 707; x_wconf 88' lang='lat' dir='ltr'><strong>inter</strong></span> <span class='ocrx_word' id='word_1_55' title='bbox 561 658 786 707; x_wconf 89' lang='lat' dir='ltr'><strong>diuersos</strong></span> <span class='ocrx_word' id='word_1_56' title='bbox 814 656 1052 706; x_wconf 90' lang='lat' dir='ltr'><strong>barbaros</strong></span> <span class='ocrx_word' id='word_1_57' title='bbox 1088 658 1245 707; x_wconf 84' lang='lat' dir='ltr'><strong>fluens</strong></span> <span class='ocrx_word' id='word_1_58' title='bbox 1281 659 1424 708; x_wconf 81' lang='lat' dir='ltr'><strong>etiam</strong></span> <span class='ocrx_word' id='word_1_59' title='bbox 1453 657 1659 709; x_wconf 84' lang='lat' dir='ltr'><strong>Ciconas</strong></span> <span class='ocrx_word' id='word_1_60' title='bbox 1699 659 1897 723; x_wconf 85' lang='lat' dir='ltr'><strong>perluit.</strong></span> 
     </span>
     <span class='ocr_line' id='line_1_11' title="bbox 291 727 1901 794; baseline 0.001 -16"><span class='ocrx_word' id='word_1_61' title='bbox 291 743 502 794; x_wconf 89' lang='lat' dir='ltr'><strong>quorum</strong></span> <span class='ocrx_word' id='word_1_62' title='bbox 541 728 754 777; x_wconf 84' lang='lat' dir='ltr'><strong>confinio</strong></span> <span class='ocrx_word' id='word_1_63' title='bbox 792 727 1006 777; x_wconf 84' lang='lat' dir='ltr'><strong>Haemus</strong></span> <span class='ocrx_word' id='word_1_64' title='bbox 1041 742 1127 778; x_wconf 86' lang='lat' dir='ltr'><strong>sex</strong></span> <span class='ocrx_word' id='word_1_65' title='bbox 1162 728 1358 779; x_wconf 90' lang='lat' dir='ltr'><strong>milibus</strong></span> <span class='ocrx_word' id='word_1_66' title='bbox 1395 743 1624 792; x_wconf 87' lang='lat' dir='ltr'><strong>passuum</strong></span> <span class='ocrx_word' id='word_1_67' title='bbox 1663 744 1901 779; x_wconf 85' lang='lat' dir='ltr'><strong>cacumen</strong></span> 
     </span>
     <span class='ocr_line' id='line_1_12' title="bbox 292 798 1901 864; baseline 0 -15"><span class='ocrx_word' id='word_1_68' title='bbox 292 798 531 849; x_wconf 84' lang='lat' dir='ltr'><strong>extollens</strong></span> <span class='ocrx_word' id='word_1_69' title='bbox 577 799 754 847; x_wconf 89' lang='lat' dir='ltr'><strong>uicinia</strong></span> <span class='ocrx_word' id='word_1_70' title='bbox 802 798 1040 862; x_wconf 87' lang='lat' dir='ltr'><strong>perflatur</strong></span> <span class='ocrx_word' id='word_1_71' title='bbox 1073 807 1335 848; x_wconf 84' lang='lat' dir='ltr'><strong>astrorum.</strong></span> <span class='ocrx_word' id='word_1_72' title='bbox 1412 800 1550 848; x_wconf 88' lang='lat' dir='ltr'><strong>cuius</strong></span> <span class='ocrx_word' id='word_1_73' title='bbox 1597 801 1711 848; x_wconf 89' lang='lat' dir='ltr'><strong>item</strong></span> <span class='ocrx_word' id='word_1_74' title='bbox 1760 806 1901 864; x_wconf 82' lang='lat' dir='ltr'><strong>terga</strong></span> 
     </span>
     <span class='ocr_line' id='line_1_13' title="bbox 293 869 1982 935; baseline -0.001 -17"><span class='ocrx_word' id='word_1_75' title='bbox 293 869 517 918; x_wconf 90' lang='lat' dir='ltr'><strong>diuersae</strong></span> <span class='ocrx_word' id='word_1_76' title='bbox 554 875 725 932; x_wconf 86' lang='lat' dir='ltr'><strong>gentes</strong></span> <span class='ocrx_word' id='word_1_77' title='bbox 754 874 944 925; x_wconf 89' lang='lat' dir='ltr'><strong>tenent,</strong></span> <span class='ocrx_word' id='word_1_78' title='bbox 989 869 1116 918; x_wconf 87' lang='lat' dir='ltr'><strong>inter</strong></span> <span class='ocrx_word' id='word_1_79' title='bbox 1141 885 1262 935; x_wconf 88' lang='lat' dir='ltr'><strong>quas</strong></span> <span class='ocrx_word' id='word_1_80' title='bbox 1300 869 1451 919; x_wconf 87' lang='lat' dir='ltr'><strong>Getae</strong></span> <span class='ocrx_word' id='word_1_81' title='bbox 1491 869 1745 919; x_wconf 83' lang='lat' dir='ltr'><strong>Sarmatae</strong></span> <span class='ocrx_word' id='word_1_82' title='bbox 1782 869 1898 934; x_wconf 83' lang='lat' dir='ltr'><strong>Scy·</strong></span> <span class='ocrx_word' id='word_1_83' title='bbox 1924 885 1982 916; x_wconf 74' lang='grc' dir='ltr'><strong>ιο.</strong></span> 
     </span>
     <span class='ocr_line' id='line_1_14' title="bbox 293 938 1900 1004; baseline 0 -16"><span class='ocrx_word' id='word_1_84' title='bbox 293 939 422 988; x_wconf 91' lang='lat' dir='ltr'><strong>thae.</strong></span> <span class='ocrx_word' id='word_1_85' title='bbox 499 938 677 988; x_wconf 91' lang='lat' dir='ltr'><strong>dehinc</strong></span> <span class='ocrx_word' id='word_1_86' title='bbox 706 938 918 1004; x_wconf 84' lang='lat' dir='ltr'><strong>Pontum</strong></span> <span class='ocrx_word' id='word_1_87' title='bbox 945 938 1169 989; x_wconf 89' lang='lat' dir='ltr'><strong>Sithonia</strong></span> <span class='ocrx_word' id='word_1_88' title='bbox 1196 954 1316 1003; x_wconf 84' lang='lat' dir='ltr'><strong>gens</strong></span> <span class='ocrx_word' id='word_1_89' title='bbox 1342 939 1505 1001; x_wconf 88' lang='lat' dir='ltr'><strong>habet,</strong></span> <span class='ocrx_word' id='word_1_90' title='bbox 1535 954 1662 1004; x_wconf 88' lang='lat' dir='ltr'><strong>quae</strong></span> <span class='ocrx_word' id='word_1_91' title='bbox 1689 938 1900 1003; x_wconf 84' lang='lat' dir='ltr'><strong>gloriam</strong></span> 
     </span>
     <span class='ocr_line' id='line_1_15' title="bbox 295 1008 1901 1073; baseline 0 -15"><span class='ocrx_word' id='word_1_92' title='bbox 295 1008 483 1073; x_wconf 89' lang='lat' dir='ltr'><strong>Orphei</strong></span> <span class='ocrx_word' id='word_1_93' title='bbox 519 1010 767 1073; x_wconf 84' lang='lat' dir='ltr'><strong>progeniti</strong></span> <span class='ocrx_word' id='word_1_94' title='bbox 802 1010 927 1058; x_wconf 90' lang='lat' dir='ltr'><strong>uatis</strong></span> <span class='ocrx_word' id='word_1_95' title='bbox 983 1009 1286 1072; x_wconf 74' lang='lat' dir='ltr'><strong>perfectione</strong></span> <span class='ocrx_word' id='word_1_96' title='bbox 1332 1011 1502 1059; x_wconf 86' lang='lat' dir='ltr'><strong>sortita</strong></span> <span class='ocrx_word' id='word_1_97' title='bbox 1538 1016 1625 1059; x_wconf 88' lang='lat' dir='ltr'><strong>est.</strong></span> <span class='ocrx_word' id='word_1_98' title='bbox 1699 1025 1813 1060; x_wconf 88' lang='lat' dir='ltr'><strong>nam</strong></span> <span class='ocrx_word' id='word_1_99' title='bbox 1849 1010 1901 1059; x_wconf 90' lang='lat' dir='ltr'><strong>in</strong></span> 
     </span>
     <span class='ocr_line' id='line_1_16' title="bbox 294 1078 1901 1144; baseline -0.001 -15"><span class='ocrx_word' id='word_1_100' title='bbox 294 1079 533 1142; x_wconf 88' lang='lat' dir='ltr'><strong>Sperchio</strong></span> <span class='ocrx_word' id='word_1_101' title='bbox 569 1081 918 1144; x_wconf 86' lang='lat' dir='ltr'><strong>promunturio</strong></span> <span class='ocrx_word' id='word_1_102' title='bbox 954 1078 1033 1127; x_wconf 91' lang='lat' dir='ltr'><strong>ille</strong></span> <span class='ocrx_word' id='word_1_103' title='bbox 1072 1080 1222 1129; x_wconf 89' lang='lat' dir='ltr'><strong>uitam</strong></span> <span class='ocrx_word' id='word_1_104' title='bbox 1259 1086 1343 1129; x_wconf 88' lang='lat' dir='ltr'><strong>aut</strong></span> <span class='ocrx_word' id='word_1_105' title='bbox 1378 1081 1532 1129; x_wconf 85' lang='lat' dir='ltr'><strong>sacris</strong></span> <span class='ocrx_word' id='word_1_106' title='bbox 1568 1079 1792 1144; x_wconf 89' lang='lat' dir='ltr'><strong>inpendit</strong></span> <span class='ocrx_word' id='word_1_107' title='bbox 1817 1084 1901 1128; x_wconf 87' lang='lat' dir='ltr'><strong>aut</strong></span> 
     </span>
     <span class='ocr_line' id='line_1_17' title="bbox 293 1149 1900 1215; baseline 0.001 -17"><span class='ocrx_word' id='word_1_108' title='bbox 293 1150 486 1199; x_wconf 69' lang='lat' dir='ltr'><strong>fidibus</strong></span> <span class='ocrx_word' id='word_1_109' title='bbox 564 1164 677 1198; x_wconf 85' lang='lat' dir='ltr'><strong>mox</strong></span> <span class='ocrx_word' id='word_1_110' title='bbox 705 1151 843 1213; x_wconf 83' lang='lat' dir='ltr'><strong>regio</strong></span> <span class='ocrx_word' id='word_1_111' title='bbox 870 1149 1102 1199; x_wconf 86' lang='lat' dir='ltr'><strong>Maronea</strong></span> <span class='ocrx_word' id='word_1_112' title='bbox 1138 1164 1194 1199; x_wconf 85' lang='lat' dir='ltr'><strong>ac</strong></span> <span class='ocrx_word' id='word_1_113' title='bbox 1220 1149 1397 1215; x_wconf 82' lang='lat' dir='ltr'><strong>Tyrida</strong></span> <span class='ocrx_word' id='word_1_114' title='bbox 1425 1150 1686 1215; x_wconf 89' lang='lat' dir='ltr'><strong>oppidum,</strong></span> <span class='ocrx_word' id='word_1_115' title='bbox 1725 1151 1776 1199; x_wconf 90' lang='lat' dir='ltr'><strong>in</strong></span> <span class='ocrx_word' id='word_1_116' title='bbox 1802 1163 1900 1213; x_wconf 90' lang='lat' dir='ltr'><strong>quo</strong></span> 
     </span>
     <span class='ocr_line' id='line_1_18' title="bbox 294 1219 1982 1285; baseline -0.001 -16"><span class='ocrx_word' id='word_1_117' title='bbox 294 1221 407 1285; x_wconf 89' lang='lat' dir='ltr'><strong>equi</strong></span> <span class='ocrx_word' id='word_1_118' title='bbox 435 1219 738 1269; x_wconf 85' lang='lat' dir='ltr'><strong>Diomediaci</strong></span> <span class='ocrx_word' id='word_1_119' title='bbox 764 1219 1007 1269; x_wconf 83' lang='lat' dir='ltr'><strong>stabulati.</strong></span> <span class='ocrx_word' id='word_1_120' title='bbox 1084 1221 1213 1269; x_wconf 89' lang='lat' dir='ltr'><strong>circa</strong></span> <span class='ocrx_word' id='word_1_121' title='bbox 1242 1236 1353 1269; x_wconf 90' lang='lat' dir='ltr'><strong>eum</strong></span> <span class='ocrx_word' id='word_1_122' title='bbox 1380 1223 1542 1271; x_wconf 82' lang='lat' dir='ltr'><strong>locum</strong></span> <span class='ocrx_word' id='word_1_123' title='bbox 1569 1220 1791 1277; x_wconf 83' lang='lat' dir='ltr'><strong>Abdera,</strong></span> <span class='ocrx_word' id='word_1_124' title='bbox 1818 1219 1900 1268; x_wconf 88' lang='lat' dir='ltr'><strong>cui</strong></span> <span class='ocrx_word' id='word_1_125' title='bbox 1924 1235 1982 1268; x_wconf 59' lang='lat'><strong>15&lt;-</strong></span> 
     </span>
     <span class='ocr_line' id='line_1_19' title="bbox 297 1289 1902 1355; baseline -0.001 -16"><span class='ocrx_word' id='word_1_126' title='bbox 297 1297 604 1339; x_wconf 82' lang='lat' dir='ltr'><strong>constructae</strong></span> <span class='ocrx_word' id='word_1_127' title='bbox 634 1290 883 1339; x_wconf 89' lang='lat' dir='ltr'><strong>Diomedis</strong></span> <span class='ocrx_word' id='word_1_128' title='bbox 917 1305 1061 1338; x_wconf 83' lang='lat' dir='ltr'><strong>soror</strong></span> <span class='ocrx_word' id='word_1_129' title='bbox 1087 1306 1230 1340; x_wconf 93' lang='lat' dir='ltr'><strong>suum</strong></span> <span class='ocrx_word' id='word_1_130' title='bbox 1258 1306 1436 1341; x_wconf 90' lang='lat' dir='ltr'><strong>nomen</strong></span> <span class='ocrx_word' id='word_1_131' title='bbox 1465 1292 1742 1355; x_wconf 84' lang='lat' dir='ltr'><strong>asscripsit,</strong></span> <span class='ocrx_word' id='word_1_132' title='bbox 1770 1289 1902 1355; x_wconf 91' lang='lat' dir='ltr'><strong>quod</strong></span> 
     </span>
     <span class='ocr_line' id='line_1_20' title="bbox 296 1360 1902 1425; baseline -0.001 -16"><span class='ocrx_word' id='word_1_133' title='bbox 296 1361 532 1424; x_wconf 86' lang='lat' dir='ltr'><strong>oppidum</strong></span> <span class='ocrx_word' id='word_1_134' title='bbox 564 1360 827 1409; x_wconf 89' lang='lat' dir='ltr'><strong>Democriti</strong></span> <span class='ocrx_word' id='word_1_135' title='bbox 857 1360 1045 1424; x_wconf 80' lang='lat' dir='ltr'><strong>physici</strong></span> <span class='ocrx_word' id='word_1_136' title='bbox 1081 1367 1191 1410; x_wconf 91' lang='lat' dir='ltr'><strong>ortu</strong></span> <span class='ocrx_word' id='word_1_137' title='bbox 1230 1362 1391 1425; x_wconf 92' lang='lat' dir='ltr'><strong>potius</strong></span> <span class='ocrx_word' id='word_1_138' title='bbox 1418 1361 1721 1410; x_wconf 85' lang='lat' dir='ltr'><strong>decoratum.</strong></span> <span class='ocrx_word' id='word_1_139' title='bbox 1787 1373 1902 1410; x_wconf 84' lang='lat' dir='ltr'><strong>ean·-</strong></span> 
     </span>
     <span class='ocr_line' id='line_1_21' title="bbox 295 1429 1902 1494; baseline 0.001 -15"><span class='ocrx_word' id='word_1_140' title='bbox 295 1430 406 1480; x_wconf 90' lang='lat' dir='ltr'><strong>dem</strong></span> <span class='ocrx_word' id='word_1_141' title='bbox 444 1430 705 1479; x_wconf 85' lang='lat' dir='ltr'><strong>Thraciam</strong></span> <span class='ocrx_word' id='word_1_142' title='bbox 742 1429 972 1494; x_wconf 83' lang='lat' dir='ltr'><strong>Polydori</strong></span> <span class='ocrx_word' id='word_1_143' title='bbox 1009 1430 1273 1493; x_wconf 89' lang='lat' dir='ltr'><strong>sepulchro</strong></span> <span class='ocrx_word' id='word_1_144' title='bbox 1312 1433 1555 1494; x_wconf 88' lang='lat' dir='ltr'><strong>signatum</strong></span> <span class='ocrx_word' id='word_1_145' title='bbox 1602 1446 1694 1480; x_wconf 91' lang='lat' dir='ltr'><strong>nec</strong></span> <span class='ocrx_word' id='word_1_146' title='bbox 1728 1435 1902 1493; x_wconf 87' lang='lat' dir='ltr'><strong>poetae</strong></span> 
     </span>
     <span class='ocr_line' id='line_1_22' title="bbox 294 1498 1902 1566; baseline 0 -17"><span class='ocrx_word' id='word_1_147' title='bbox 294 1506 626 1563; x_wconf 87' lang='lat' dir='ltr'><strong>praetereunt.</strong></span> <span class='ocrx_word' id='word_1_148' title='bbox 701 1498 800 1548; x_wconf 85' lang='lat' dir='ltr'><strong>illic</strong></span> <span class='ocrx_word' id='word_1_149' title='bbox 829 1502 1225 1560; x_wconf 87' lang='lat' dir='ltr'><strong>promunturium</strong></span> <span class='ocrx_word' id='word_1_150' title='bbox 1254 1499 1402 1550; x_wconf 87' lang='lat' dir='ltr'><strong>Ceras</strong></span> <span class='ocrx_word' id='word_1_151' title='bbox 1429 1501 1680 1566; x_wconf 82' lang='lat' dir='ltr'><strong>Chryseon</strong></span> <span class='ocrx_word' id='word_1_152' title='bbox 1715 1500 1902 1565; x_wconf 81' lang='lat' dir='ltr'><strong>Byzan·</strong></span> 
     </span>
     <span class='ocr_line' id='line_1_23' title="bbox 294 1568 1968 1635; baseline 0.001 -16"><span class='ocrx_word' id='word_1_153' title='bbox 294 1571 361 1619; x_wconf 84' lang='lat' dir='ltr'><strong>tio</strong></span> <span class='ocrx_word' id='word_1_154' title='bbox 405 1571 586 1634; x_wconf 86' lang='lat' dir='ltr'><strong>oppido</strong></span> <span class='ocrx_word' id='word_1_155' title='bbox 630 1568 958 1625; x_wconf 85' lang='lat' dir='ltr'><strong>celebratum,</strong></span> <span class='ocrx_word' id='word_1_156' title='bbox 1007 1571 1137 1635; x_wconf 90' lang='lat' dir='ltr'><strong>quod</strong></span> <span class='ocrx_word' id='word_1_157' title='bbox 1174 1586 1200 1619; x_wconf 88' lang='lat' dir='ltr'><strong>a</strong></span> <span class='ocrx_word' id='word_1_158' title='bbox 1239 1570 1541 1634; x_wconf 80' lang='lat' dir='ltr'><strong>Dyrrhachio</strong></span> <span class='ocrx_word' id='word_1_159' title='bbox 1580 1569 1903 1635; x_wconf 88' lang='lat' dir='ltr'><strong>septingentis</strong></span> <span class='ocrx_word' id='word_1_160' title='bbox 1924 1588 1968 1621; x_wconf 78' lang='lat'><strong>20</strong></span> 
     </span>
     <span class='ocr_line' id='line_1_24' title="bbox 297 1639 1903 1705; baseline 0.001 -16"><span class='ocrx_word' id='word_1_161' title='bbox 297 1639 527 1689; x_wconf 89' lang='lat' dir='ltr'><strong>undecim</strong></span> <span class='ocrx_word' id='word_1_162' title='bbox 555 1639 752 1690; x_wconf 85' lang='lat' dir='ltr'><strong>milibus</strong></span> <span class='ocrx_word' id='word_1_163' title='bbox 780 1640 941 1690; x_wconf 88' lang='lat' dir='ltr'><strong>distat.</strong></span> <span class='ocrx_word' id='word_1_164' title='bbox 1019 1655 1076 1689; x_wconf 90' lang='lat' dir='ltr'><strong>eo</strong></span> <span class='ocrx_word' id='word_1_165' title='bbox 1106 1642 1236 1689; x_wconf 86' lang='lat' dir='ltr'><strong>enim</strong></span> <span class='ocrx_word' id='word_1_166' title='bbox 1272 1641 1535 1690; x_wconf 84' lang='lat' dir='ltr'><strong>interstitio</strong></span> <span class='ocrx_word' id='word_1_167' title='bbox 1562 1655 1588 1689; x_wconf 93' lang='lat' dir='ltr'><strong>a</strong></span> <span class='ocrx_word' id='word_1_168' title='bbox 1615 1656 1669 1690; x_wconf 90' lang='lat' dir='ltr'><strong>se</strong></span> <span class='ocrx_word' id='word_1_169' title='bbox 1695 1647 1903 1705; x_wconf 87' lang='lat' dir='ltr'><strong>utraque</strong></span> 
     </span>
     <span class='ocr_line' id='line_1_25' title="bbox 296 1708 1902 1776; baseline -0.001 -17"><span class='ocrx_word' id='word_1_170' title='bbox 296 1712 450 1759; x_wconf 91' lang='lat' dir='ltr'><strong>maria</strong></span> <span class='ocrx_word' id='word_1_171' title='bbox 484 1715 820 1766; x_wconf 87' lang='lat' dir='ltr'><strong>recesserunt,</strong></span> <span class='ocrx_word' id='word_1_172' title='bbox 859 1710 907 1758; x_wconf 93' lang='lat' dir='ltr'><strong>id</strong></span> <span class='ocrx_word' id='word_1_173' title='bbox 946 1716 1019 1759; x_wconf 89' lang='lat' dir='ltr'><strong>est</strong></span> <span class='ocrx_word' id='word_1_174' title='bbox 1055 1710 1199 1760; x_wconf 80' lang='lat' dir='ltr'><strong>Adria</strong></span> <span class='ocrx_word' id='word_1_175' title='bbox 1238 1716 1284 1760; x_wconf 91' lang='lat' dir='ltr'><strong>et</strong></span> <span class='ocrx_word' id='word_1_176' title='bbox 1310 1710 1586 1776; x_wconf 67' lang='lat' dir='ltr'><strong>Propontis</strong></span> <span class='ocrx_word' id='word_1_177' title='bbox 1661 1709 1760 1759; x_wconf 89' lang='lat' dir='ltr'><strong>illic</strong></span> <span class='ocrx_word' id='word_1_178' title='bbox 1787 1708 1902 1760; x_wconf 88' lang='lat' dir='ltr'><strong>Hel-</strong></span> 
     </span>
    </p>
   </div>
   <div class='ocr_carea' id='block_1_7' title="bbox 295 1810 633 1818">
    <p class='ocr_par' dir='ltr' id='par_1_7' title="bbox 295 1810 633 1818">
     <span class='ocr_line' id='line_1_26' title="bbox 295 1810 633 1818; baseline 0 1412"><span class='ocrx_word' id='word_1_179' title='bbox 295 1810 633 1818; x_wconf 95' lang='lat' dir='ltr'><strong> </strong></span> 
     </span>
    </p>
   </div>
   <div class='ocr_carea' id='block_1_8' title="bbox 296 1860 1886 1976">
    <p class='ocr_par' dir='ltr' id='par_1_8' title="bbox 296 1860 1886 1976">
     <span class='ocr_line' id='line_1_27' title="bbox 409 1860 1886 1919; baseline 0 -14"><span class='ocrx_word' id='word_1_180' title='bbox 409 1866 434 1915; x_wconf 66' lang='grc' dir='ltr'><em>ξ</em></span> <span class='ocrx_word' id='word_1_181' title='bbox 456 1867 537 1907; x_wconf 88' lang='grc'><strong>656</strong></span> <span class='ocrx_word' id='word_1_182' title='bbox 569 1879 624 1907; x_wconf 87' lang='lat' dir='ltr'><strong>ex</strong></span> <span class='ocrx_word' id='word_1_183' title='bbox 647 1865 804 1906; x_wconf 82' lang='lat' dir='ltr'><strong>Solino</strong></span> <span class='ocrx_word' id='word_1_184' title='bbox 827 1879 870 1919; x_wconf 90' lang='lat' dir='ltr'><strong>p.</strong></span> <span class='ocrx_word' id='word_1_185' title='bbox 895 1867 963 1915; x_wconf 82' lang='lat'><strong>74,</strong></span> <span class='ocrx_word' id='word_1_186' title='bbox 987 1867 1040 1906; x_wconf 83' lang='lat'><strong>22</strong></span> <span class='ocrx_word' id='word_1_187' title='bbox 1074 1868 1120 1906; x_wconf 88' lang='lat' dir='ltr'><strong>et</strong></span> <span class='ocrx_word' id='word_1_188' title='bbox 1142 1879 1183 1919; x_wconf 90' lang='lat' dir='ltr'><strong>p.</strong></span> <span class='ocrx_word' id='word_1_189' title='bbox 1208 1867 1276 1912; x_wconf 87' lang='grc'><strong>75,</strong></span> <span class='ocrx_word' id='word_1_190' title='bbox 1299 1866 1465 1906; x_wconf 85' lang='grc'>20-21</span> <span class='ocrx_word' id='word_1_191' title='bbox 1491 1867 1536 1905; x_wconf 86' lang='lat' dir='ltr'><strong>et</strong></span> <span class='ocrx_word' id='word_1_192' title='bbox 1557 1878 1598 1919; x_wconf 88' lang='lat' dir='ltr'><strong>p.</strong></span> <span class='ocrx_word' id='word_1_193' title='bbox 1624 1866 1690 1916; x_wconf 88' lang='grc'><strong>76,</strong></span> <span class='ocrx_word' id='word_1_194' title='bbox 1714 1865 1824 1905; x_wconf 85' lang='grc'><strong>2-7</strong></span> <span class='ocrx_word' id='word_1_195' title='bbox 1866 1860 1886 1917; x_wconf 81' lang='grc' dir='ltr'><strong>[Ι</strong></span> 
     </span>
     <span class='ocr_line' id='line_1_28' title="bbox 296 1922 1534 1976; baseline -0.002 -13"><span class='ocrx_word' id='word_1_196' title='bbox 296 1923 320 1972; x_wconf 66' lang='grc' dir='ltr'>ξ</span> <span class='ocrx_word' id='word_1_197' title='bbox 342 1923 425 1964; x_wconf 86' lang='grc'><strong>657</strong></span> <span class='ocrx_word' id='word_1_198' title='bbox 448 1935 504 1963; x_wconf 83' lang='lat' dir='ltr'><strong>ex</strong></span> <span class='ocrx_word' id='word_1_199' title='bbox 526 1922 680 1963; x_wconf 86' lang='lat' dir='ltr'><strong>Solino</strong></span> <span class='ocrx_word' id='word_1_200' title='bbox 702 1935 743 1976; x_wconf 90' lang='lat' dir='ltr'><strong>p.</strong></span> <span class='ocrx_word' id='word_1_201' title='bbox 769 1923 835 1972; x_wconf 82' lang='lat'><strong>76,</strong></span> <span class='ocrx_word' id='word_1_202' title='bbox 860 1923 1000 1963; x_wconf 83' lang='lat'>9—14</span> <span class='ocrx_word' id='word_1_203' title='bbox 1024 1926 1069 1963; x_wconf 91' lang='lat' dir='ltr'><strong>et</strong></span> <span class='ocrx_word' id='word_1_204' title='bbox 1089 1923 1144 1964; x_wconf 84' lang='lat'><strong>20</strong></span> <span class='ocrx_word' id='word_1_205' title='bbox 1175 1925 1222 1963; x_wconf 86' lang='lat' dir='ltr'><strong>et</strong></span> <span class='ocrx_word' id='word_1_206' title='bbox 1251 1935 1294 1975; x_wconf 87' lang='lat' dir='ltr'><strong>p.</strong></span> <span class='ocrx_word' id='word_1_207' title='bbox 1320 1923 1388 1973; x_wconf 88' lang='grc'><strong>78,</strong></span> <span class='ocrx_word' id='word_1_208' title='bbox 1411 1922 1534 1962; x_wconf 83' lang='grc'>8-11</span> 
     </span>
    </p>
   </div>
   <div class='ocr_carea' id='block_1_9' title="bbox 296 2021 633 2027">
    <p class='ocr_par' dir='ltr' id='par_1_9' title="bbox 296 2021 633 2027">
     <span class='ocr_line' id='line_1_29' title="bbox 296 2021 633 2027; baseline 0 0"><span class='ocrx_word' id='word_1_209' title='bbox 296 2021 633 2027; x_wconf 95' lang='lat' dir='ltr'><strong> </strong></span> 
     </span>
    </p>
   </div>
   <div class='ocr_carea' id='block_1_10' title="bbox 297 2052 1914 2903">
    <p class='ocr_par' dir='ltr' id='par_1_10' title="bbox 297 2052 1914 2903">
     <span class='ocr_line' id='line_1_30' title="bbox 409 2052 1897 2115; baseline -0.001 -12"><span class='ocrx_word' id='word_1_210' title='bbox 409 2064 436 2103; x_wconf 87' lang='grc'><strong>3</strong></span> <span class='ocrx_word' id='word_1_211' title='bbox 466 2061 648 2102; x_wconf 84' lang='lat' dir='ltr'><strong>trachia.</strong></span> <span class='ocrx_word' id='word_1_212' title='bbox 681 2063 718 2101; x_wconf 89' lang='lat' dir='ltr'><em>D</em></span> <span class='ocrx_word' id='word_1_213' title='bbox 757 2063 908 2102; x_wconf 80' lang='lat' dir='ltr'><strong>tracia.</strong></span> <span class='ocrx_word' id='word_1_214' title='bbox 942 2063 966 2103; x_wconf 91' lang='lat' dir='ltr'><em>b</em></span> <span class='ocrx_word' id='word_1_215' title='bbox 1024 2059 1044 2115; x_wconf 83' lang='lat' dir='ltr'><strong>{l</strong></span> <span class='ocrx_word' id='word_1_216' title='bbox 1100 2062 1290 2103; x_wconf 83' lang='lat' dir='ltr'><strong>barbari</strong></span> <span class='ocrx_word' id='word_1_217' title='bbox 1326 2062 1524 2115; x_wconf 71' lang='lat' dir='ltr'><strong>Koppius</strong></span> <span class='ocrx_word' id='word_1_218' title='bbox 1561 2061 1696 2102; x_wconf 84' lang='lat' dir='ltr'><strong>bardi</strong></span> <span class='ocrx_word' id='word_1_219' title='bbox 1729 2060 1812 2102; x_wconf 85' lang='lat' dir='ltr'><strong>BR</strong></span> <span class='ocrx_word' id='word_1_220' title='bbox 1867 2052 1897 2114; x_wconf 79' lang='grc' dir='ltr'><strong>[Ι</strong></span> 
     </span>
     <span class='ocr_line' id='line_1_31' title="bbox 297 2115 1906 2173; baseline -0.002 -13"><span class='ocrx_word' id='word_1_221' title='bbox 297 2119 324 2160; x_wconf 87' lang='lat'>5</span> <span class='ocrx_word' id='word_1_222' title='bbox 362 2117 645 2159; x_wconf 85' lang='lat' dir='ltr'><strong>Denseletae</strong></span> <span class='ocrx_word' id='word_1_223' title='bbox 675 2117 844 2158; x_wconf 79' lang='lat' dir='ltr'><strong>Solinus</strong></span> <span class='ocrx_word' id='word_1_224' title='bbox 882 2118 1218 2170; x_wconf 81' lang='lat' dir='ltr'><strong>denseleusque</strong></span> <span class='ocrx_word' id='word_1_225' title='bbox 1248 2118 1330 2159; x_wconf 84' lang='lat' dir='ltr'><strong>BR</strong></span> <span class='ocrx_word' id='word_1_226' title='bbox 1378 2115 1397 2173; x_wconf 81' lang='lat'><strong>[1</strong></span> <span class='ocrx_word' id='word_1_227' title='bbox 1446 2117 1706 2170; x_wconf 80' lang='lat' dir='ltr'><strong>mesiusque</strong></span> <span class='ocrx_word' id='word_1_228' title='bbox 1735 2116 1773 2157; x_wconf 77' lang='lat' dir='ltr'><em>R</em></span> <span class='ocrx_word' id='word_1_229' title='bbox 1811 2129 1906 2157; x_wconf 85' lang='lat' dir='ltr'><strong>me·</strong></span> 
     </span>
     <span class='ocr_line' id='line_1_32' title="bbox 297 2170 1907 2228; baseline -0.001 -14"><span class='ocrx_word' id='word_1_230' title='bbox 297 2174 392 2214; x_wconf 84' lang='lat' dir='ltr'><strong>sius</strong></span> <span class='ocrx_word' id='word_1_231' title='bbox 423 2173 465 2213; x_wconf 91' lang='lat' dir='ltr'><em>B</em></span> <span class='ocrx_word' id='word_1_232' title='bbox 511 2175 792 2226; x_wconf 86' lang='lat' dir='ltr'><strong>messiusque</strong></span> <span class='ocrx_word' id='word_1_233' title='bbox 824 2173 848 2213; x_wconf 88' lang='lat' dir='ltr'><em>b</em></span> <span class='ocrx_word' id='word_1_234' title='bbox 904 2173 1081 2215; x_wconf 79' lang='lat' dir='ltr'><strong>Mestus</strong></span> <span class='ocrx_word' id='word_1_235' title='bbox 1120 2174 1289 2214; x_wconf 83' lang='lat' dir='ltr'><strong>Solinus</strong></span> <span class='ocrx_word' id='word_1_236' title='bbox 1343 2170 1351 2228; x_wconf 77' lang='grc' dir='ltr'>Ι</span> <span class='ocrx_word' id='word_1_237' title='bbox 1421 2175 1636 2227; x_wconf 81' lang='lat' dir='ltr'><strong>pangium</strong></span> <span class='ocrx_word' id='word_1_238' title='bbox 1667 2173 1706 2214; x_wconf 78' lang='lat' dir='ltr'><em>R</em></span> <span class='ocrx_word' id='word_1_239' title='bbox 1741 2177 1785 2214; x_wconf 81' lang='lat' dir='ltr'><strong>et</strong></span> <span class='ocrx_word' id='word_1_240' title='bbox 1808 2173 1907 2222; x_wconf 77' lang='lat' dir='ltr'><strong>for-</strong></span> 
     </span>
     <span class='ocr_line' id='line_1_33' title="bbox 298 2226 1914 2283; baseline -0.001 -13"><span class='ocrx_word' id='word_1_241' title='bbox 298 2236 411 2270; x_wconf 79' lang='lat' dir='ltr'><strong>tasse</strong></span> <span class='ocrx_word' id='word_1_242' title='bbox 441 2227 501 2269; x_wconf 85' lang='lat' dir='ltr'><strong>B¹</strong></span> <span class='ocrx_word' id='word_1_243' title='bbox 534 2228 783 2282; x_wconf 79' lang='lat' dir='ltr'><strong>(pangeum</strong></span> <span class='ocrx_word' id='word_1_244' title='bbox 814 2228 856 2281; x_wconf 87' lang='lat' dir='ltr'><strong>b)</strong></span> <span class='ocrx_word' id='word_1_245' title='bbox 915 2226 935 2283; x_wconf 81' lang='grc' dir='ltr'><strong>ΙΙ</strong></span> <span class='ocrx_word' id='word_1_246' title='bbox 983 2231 1008 2270; x_wconf 90' lang='grc'>6</span> <span class='ocrx_word' id='word_1_247' title='bbox 1050 2230 1207 2270; x_wconf 84' lang='lat' dir='ltr'><strong>ebrum</strong></span> <span class='ocrx_word' id='word_1_248' title='bbox 1240 2230 1315 2270; x_wconf 69' lang='lat' dir='ltr'><strong>BR</strong></span> <span class='ocrx_word' id='word_1_249' title='bbox 1372 2226 1381 2282; x_wconf 81' lang='grc' dir='ltr'>Ι</span> <span class='ocrx_word' id='word_1_250' title='bbox 1430 2229 1710 2279; x_wconf 80' lang='lat' dir='ltr'><strong>Odrysarum</strong></span> <span class='ocrx_word' id='word_1_251' title='bbox 1749 2228 1914 2269; x_wconf 30' lang='lat' dir='ltr'><strong>solum*</strong></span> 
     </span>
     <span class='ocr_line' id='line_1_34' title="bbox 298 2280 1890 2340; baseline -0.003 -13"><span class='ocrx_word' id='word_1_252' title='bbox 298 2286 467 2327; x_wconf 81' lang='lat' dir='ltr'><strong>Solinus</strong></span> <span class='ocrx_word' id='word_1_253' title='bbox 515 2282 534 2339; x_wconf 79' lang='grc' dir='ltr'>Η</span> <span class='ocrx_word' id='word_1_254' title='bbox 581 2288 608 2328; x_wconf 89' lang='grc'>8</span> <span class='ocrx_word' id='word_1_255' title='bbox 649 2286 815 2325; x_wconf 85' lang='lat' dir='ltr'><strong>confini</strong></span> <span class='ocrx_word' id='word_1_256' title='bbox 844 2284 901 2325; x_wconf 92' lang='lat' dir='ltr'><strong>B¹</strong></span> <span class='ocrx_word' id='word_1_257' title='bbox 952 2283 971 2339; x_wconf 79' lang='grc' dir='ltr'>Η</span> <span class='ocrx_word' id='word_1_258' title='bbox 1022 2298 1148 2327; x_wconf 86' lang='lat' dir='ltr'><strong>emus</strong></span> <span class='ocrx_word' id='word_1_259' title='bbox 1174 2285 1255 2327; x_wconf 88' lang='lat' dir='ltr'><strong>BR</strong></span> <span class='ocrx_word' id='word_1_260' title='bbox 1305 2282 1324 2340; x_wconf 86' lang='lat' dir='ltr'><strong>[l</strong></span> <span class='ocrx_word' id='word_1_261' title='bbox 1371 2287 1397 2327; x_wconf 88' lang='grc'><strong>9</strong></span> <span class='ocrx_word' id='word_1_262' title='bbox 1437 2289 1692 2326; x_wconf 81' lang='lat' dir='ltr'><strong>austrorum</strong></span> <span class='ocrx_word' id='word_1_263' title='bbox 1721 2282 1820 2324; x_wconf 81' lang='lat' dir='ltr'><strong>B¹R</strong></span> <span class='ocrx_word' id='word_1_264' title='bbox 1866 2280 1890 2338; x_wconf 84' lang='grc' dir='ltr'><strong>ΙΙ</strong></span> 
     </span>
     <span class='ocr_line' id='line_1_35' title="bbox 299 2340 1906 2396; baseline -0.002 -13"><span class='ocrx_word' id='word_1_265' title='bbox 299 2343 352 2384; x_wconf 93' lang='grc'><strong>10</strong></span> <span class='ocrx_word' id='word_1_266' title='bbox 391 2346 528 2393; x_wconf 79' lang='lat' dir='ltr'><strong>gente</strong></span> <span class='ocrx_word' id='word_1_267' title='bbox 567 2347 799 2382; x_wconf 81' lang='lat' dir='ltr'><strong>sarmatae</strong></span> <span class='ocrx_word' id='word_1_268' title='bbox 830 2340 911 2382; x_wconf 81' lang='lat' dir='ltr'><strong>BR</strong></span> <span class='ocrx_word' id='word_1_269' title='bbox 957 2347 1120 2396; x_wconf 80' lang='lat' dir='ltr'><strong>gentes</strong></span> <span class='ocrx_word' id='word_1_270' title='bbox 1161 2347 1390 2383; x_wconf 81' lang='lat' dir='ltr'><strong>sarmatae</strong></span> <span class='ocrx_word' id='word_1_271' title='bbox 1422 2341 1446 2380; x_wconf 88' lang='lat' dir='ltr'><em>b</em></span> <span class='ocrx_word' id='word_1_272' title='bbox 1482 2355 1596 2382; x_wconf 85' lang='lat' dir='ltr'><strong>corr.</strong></span> <span class='ocrx_word' id='word_1_273' title='bbox 1626 2340 1906 2382; x_wconf 69' lang='lat' dir='ltr'><strong>Mommsenus</strong></span> 
     </span>
     <span class='ocr_line' id='line_1_36' title="bbox 299 2393 1907 2452; baseline -0.002 -13"><span class='ocrx_word' id='word_1_274' title='bbox 299 2412 358 2439; x_wconf 76' lang='lat' dir='ltr'><strong>ex</strong></span> <span class='ocrx_word' id='word_1_275' title='bbox 379 2397 524 2439; x_wconf 84' lang='lat' dir='ltr'><strong>Solino</strong></span> <span class='ocrx_word' id='word_1_276' title='bbox 566 2394 586 2452; x_wconf 84' lang='grc' dir='ltr'><strong>ΙΙ</strong></span> <span class='ocrx_word' id='word_1_277' title='bbox 626 2403 788 2450; x_wconf 84' lang='lat' dir='ltr'><strong>scytae</strong></span> <span class='ocrx_word' id='word_1_278' title='bbox 817 2396 859 2437; x_wconf 96' lang='lat' dir='ltr'><em>B</em></span> <span class='ocrx_word' id='word_1_279' title='bbox 895 2395 915 2450; x_wconf 76' lang='lat' dir='ltr'><strong>{l</strong></span> <span class='ocrx_word' id='word_1_280' title='bbox 962 2400 1011 2438; x_wconf 89' lang='lat'><strong>11</strong></span> <span class='ocrx_word' id='word_1_281' title='bbox 1044 2396 1150 2438; x_wconf 86' lang='lat' dir='ltr'><strong>dein</strong></span> <span class='ocrx_word' id='word_1_282' title='bbox 1177 2398 1214 2438; x_wconf 78' lang='lat' dir='ltr'><em>R</em></span> <span class='ocrx_word' id='word_1_283' title='bbox 1264 2395 1284 2451; x_wconf 81' lang='grc' dir='ltr'>Η</span> <span class='ocrx_word' id='word_1_284' title='bbox 1330 2397 1500 2438; x_wconf 82' lang='lat' dir='ltr'><strong>sitonia</strong></span> <span class='ocrx_word' id='word_1_285' title='bbox 1528 2397 1570 2438; x_wconf 91' lang='lat' dir='ltr'><em>B</em></span> <span class='ocrx_word' id='word_1_286' title='bbox 1605 2393 1626 2451; x_wconf 77' lang='grc' dir='ltr'><strong>Η</strong></span> <span class='ocrx_word' id='word_1_287' title='bbox 1671 2394 1907 2437; x_wconf 79' lang='lat' dir='ltr'><strong>habetBR</strong></span> 
     </span>
     <span class='ocr_line' id='line_1_37' title="bbox 297 2450 1905 2507; baseline -0.002 -12"><span class='ocrx_word' id='word_1_288' title='bbox 297 2455 482 2495; x_wconf 83' lang='lat' dir='ltr'><strong>habitat</strong></span> <span class='ocrx_word' id='word_1_289' title='bbox 510 2455 560 2494; x_wconf 87' lang='lat' dir='ltr'><strong>br</strong></span> <span class='ocrx_word' id='word_1_290' title='bbox 598 2450 617 2507; x_wconf 86' lang='grc' dir='ltr'><strong>ΙΙ</strong></span> <span class='ocrx_word' id='word_1_291' title='bbox 668 2456 719 2495; x_wconf 87' lang='grc'><strong>13</strong></span> <span class='ocrx_word' id='word_1_292' title='bbox 758 2453 961 2506; x_wconf 75' lang='lat' dir='ltr'><strong>sper-thio</strong></span> <span class='ocrx_word' id='word_1_293' title='bbox 983 2453 1024 2494; x_wconf 89' lang='lat' dir='ltr'><em>B</em></span> <span class='ocrx_word' id='word_1_294' title='bbox 1057 2453 1106 2495; x_wconf 68' lang='lat' dir='ltr'><strong>al</strong></span> <span class='ocrx_word' id='word_1_295' title='bbox 1134 2454 1308 2506; x_wconf 83' lang='lat' dir='ltr'><strong>spartio</strong></span> <span class='ocrx_word' id='word_1_296' title='bbox 1329 2454 1354 2495; x_wconf 91' lang='lat' dir='ltr'><em>b</em></span> <span class='ocrx_word' id='word_1_297' title='bbox 1384 2454 1559 2507; x_wconf 85' lang='lat' dir='ltr'><strong>spartio</strong></span> <span class='ocrx_word' id='word_1_298' title='bbox 1582 2454 1619 2494; x_wconf 79' lang='lat' dir='ltr'><em>R</em></span> <span class='ocrx_word' id='word_1_299' title='bbox 1649 2451 1905 2506; x_wconf 84' lang='lat' dir='ltr'><strong>Sperchiuo</strong></span> 
     </span>
     <span class='ocr_line' id='line_1_38' title="bbox 298 2507 1905 2564; baseline -0.002 -13"><span class='ocrx_word' id='word_1_300' title='bbox 298 2510 468 2552; x_wconf 74' lang='lat' dir='ltr'><strong>Solinus</strong></span> <span class='ocrx_word' id='word_1_301' title='bbox 486 2507 506 2564; x_wconf 86' lang='grc' dir='ltr'><strong>ΙΙ</strong></span> <span class='ocrx_word' id='word_1_302' title='bbox 527 2511 834 2563; x_wconf 85' lang='lat' dir='ltr'><strong>promuntorio</strong></span> <span class='ocrx_word' id='word_1_303' title='bbox 855 2510 898 2551; x_wconf 90' lang='lat' dir='ltr'><em>B</em></span> <span class='ocrx_word' id='word_1_304' title='bbox 927 2512 1267 2564; x_wconf 86' lang='lat' dir='ltr'><strong>promuncturio</strong></span> <span class='ocrx_word' id='word_1_305' title='bbox 1290 2510 1325 2551; x_wconf 75' lang='lat' dir='ltr'><em>R</em></span> <span class='ocrx_word' id='word_1_306' title='bbox 1343 2507 1363 2564; x_wconf 82' lang='grc' dir='ltr'><strong>[Ι</strong></span> <span class='ocrx_word' id='word_1_307' title='bbox 1387 2512 1439 2551; x_wconf 82' lang='grc'><strong>14</strong></span> <span class='ocrx_word' id='word_1_308' title='bbox 1467 2522 1685 2550; x_wconf 66' lang='lat' dir='ltr'><strong>marones</strong></span> <span class='ocrx_word' id='word_1_309' title='bbox 1707 2508 1789 2551; x_wconf 81' lang='lat' dir='ltr'><strong>BR</strong></span> <span class='ocrx_word' id='word_1_310' title='bbox 1807 2521 1905 2548; x_wconf 78' lang='lat' dir='ltr'><strong>ma-</strong></span> 
     </span>
     <span class='ocr_line' id='line_1_39' title="bbox 297 2563 1848 2621; baseline -0.003 -13"><span class='ocrx_word' id='word_1_311' title='bbox 297 2568 432 2608; x_wconf 81' lang='lat' dir='ltr'><strong>ronia</strong></span> <span class='ocrx_word' id='word_1_312' title='bbox 450 2567 475 2607; x_wconf 91' lang='lat' dir='ltr'><em>b</em></span> <span class='ocrx_word' id='word_1_313' title='bbox 506 2567 746 2606; x_wconf 79' lang='lat' dir='ltr'><strong>mauronia</strong></span> <span class='ocrx_word' id='word_1_314' title='bbox 767 2581 791 2606; x_wconf 81' lang='lat' dir='ltr'><strong>r</strong></span> <span class='ocrx_word' id='word_1_315' title='bbox 818 2563 837 2619; x_wconf 85' lang='grc' dir='ltr'><strong>ΙΙ</strong></span> <span class='ocrx_word' id='word_1_316' title='bbox 866 2567 998 2619; x_wconf 83' lang='lat' dir='ltr'><strong>tyrda</strong></span> <span class='ocrx_word' id='word_1_317' title='bbox 1020 2566 1101 2608; x_wconf 74' lang='lat' dir='ltr'><strong>BR</strong></span> <span class='ocrx_word' id='word_1_318' title='bbox 1128 2563 1147 2621; x_wconf 83' lang='grc' dir='ltr'><strong>ΙΙ</strong></span> <span class='ocrx_word' id='word_1_319' title='bbox 1179 2568 1229 2608; x_wconf 86' lang='grc'><strong>15</strong></span> <span class='ocrx_word' id='word_1_320' title='bbox 1252 2567 1379 2607; x_wconf 79' lang='lat' dir='ltr'><strong>circa</strong></span> <span class='ocrx_word' id='word_1_321' title='bbox 1402 2580 1502 2607; x_wconf 90' lang='lat' dir='ltr'><strong>eum</strong></span> <span class='ocrx_word' id='word_1_322' title='bbox 1525 2566 1567 2606; x_wconf 92' lang='lat' dir='ltr'><em>B</em></span> <span class='ocrx_word' id='word_1_323' title='bbox 1589 2566 1787 2606; x_wconf 82' lang='lat' dir='ltr'><strong>circeum</strong></span> <span class='ocrx_word' id='word_1_324' title='bbox 1811 2563 1848 2604; x_wconf 81' lang='lat' dir='ltr'><strong><em>R</em></strong></span> 
     </span>
     <span class='ocr_line' id='line_1_40' title="bbox 297 2618 1826 2676; baseline -0.003 -13"><span class='ocrx_word' id='word_1_325' title='bbox 297 2624 447 2663; x_wconf 89' lang='lat' dir='ltr'><strong>locum</strong></span> <span class='ocrx_word' id='word_1_326' title='bbox 469 2624 620 2663; x_wconf 83' lang='lat' dir='ltr'><strong>addidi</strong></span> <span class='ocrx_word' id='word_1_327' title='bbox 657 2619 676 2675; x_wconf 84' lang='grc' dir='ltr'><strong>ΙΙ</strong></span> <span class='ocrx_word' id='word_1_328' title='bbox 716 2622 953 2664; x_wconf 78' lang='lat' dir='ltr'><strong>stabulata.</strong></span> <span class='ocrx_word' id='word_1_329' title='bbox 975 2621 1033 2663; x_wconf 88' lang='lat' dir='ltr'><strong>B¹</strong></span> <span class='ocrx_word' id='word_1_330' title='bbox 1074 2618 1094 2676; x_wconf 79' lang='lat' dir='ltr'>H</span> <span class='ocrx_word' id='word_1_331' title='bbox 1133 2622 1296 2663; x_wconf 73' lang='lat' dir='ltr'><strong>abdira</strong></span> <span class='ocrx_word' id='word_1_332' title='bbox 1324 2623 1348 2663; x_wconf 87' lang='lat' dir='ltr'><em>b</em></span> <span class='ocrx_word' id='word_1_333' title='bbox 1386 2620 1407 2676; x_wconf 71' lang='grc' dir='ltr'><strong>ΙΙ</strong></span> <span class='ocrx_word' id='word_1_334' title='bbox 1447 2625 1521 2664; x_wconf 89' lang='lat' dir='ltr'><strong>cui</strong></span> <span class='ocrx_word' id='word_1_335' title='bbox 1545 2621 1623 2662; x_wconf 73' lang='lat' dir='ltr'><strong>BR</strong></span> <span class='ocrx_word' id='word_1_336' title='bbox 1651 2622 1781 2661; x_wconf 85' lang='lat' dir='ltr'><strong>cuius</strong></span> <span class='ocrx_word' id='word_1_337' title='bbox 1801 2620 1826 2660; x_wconf 88' lang='lat' dir='ltr'><em>b</em></span> 
     </span>
     <span class='ocr_line' id='line_1_41' title="bbox 301 2673 1903 2733; baseline -0.002 -13"><span class='ocrx_word' id='word_1_338' title='bbox 301 2681 353 2720; x_wconf 92' lang='grc'><strong>17</strong></span> <span class='ocrx_word' id='word_1_339' title='bbox 385 2678 505 2719; x_wconf 75' lang='lat' dir='ltr'><strong>fisici</strong></span> <span class='ocrx_word' id='word_1_340' title='bbox 525 2678 567 2719; x_wconf 91' lang='lat' dir='ltr'><em>B</em></span> <span class='ocrx_word' id='word_1_341' title='bbox 588 2679 729 2729; x_wconf 81' lang='lat' dir='ltr'><strong>fysici</strong></span> <span class='ocrx_word' id='word_1_342' title='bbox 751 2679 787 2719; x_wconf 79' lang='lat' dir='ltr'><em>R</em></span> <span class='ocrx_word' id='word_1_343' title='bbox 824 2676 844 2733; x_wconf 83' lang='grc' dir='ltr'><strong>[Ι</strong></span> <span class='ocrx_word' id='word_1_344' title='bbox 888 2680 938 2720; x_wconf 87' lang='lat'><strong>18</strong></span> <span class='ocrx_word' id='word_1_345' title='bbox 968 2680 1164 2720; x_wconf 78' lang='lat' dir='ltr'><strong>traciam</strong></span> <span class='ocrx_word' id='word_1_346' title='bbox 1188 2679 1268 2720; x_wconf 80' lang='lat' dir='ltr'><strong>BR</strong></span> <span class='ocrx_word' id='word_1_347' title='bbox 1305 2675 1325 2732; x_wconf 81' lang='grc' dir='ltr'><strong>ΙΙ</strong></span> <span class='ocrx_word' id='word_1_348' title='bbox 1363 2678 1558 2733; x_wconf 88' lang='lat' dir='ltr'><strong>polidori</strong></span> <span class='ocrx_word' id='word_1_349' title='bbox 1577 2675 1620 2718; x_wconf 88' lang='lat' dir='ltr'><em>B</em></span> <span class='ocrx_word' id='word_1_350' title='bbox 1655 2673 1676 2729; x_wconf 79' lang='grc' dir='ltr'><strong>ΙΙ</strong></span> <span class='ocrx_word' id='word_1_351' title='bbox 1718 2677 1771 2717; x_wconf 83' lang='lat'><strong>19</strong></span> <span class='ocrx_word' id='word_1_352' title='bbox 1800 2687 1903 2728; x_wconf 85' lang='lat' dir='ltr'><strong>pro·</strong></span> 
     </span>
     <span class='ocr_line' id='line_1_42' title="bbox 298 2729 1906 2789; baseline -0.002 -14"><span class='ocrx_word' id='word_1_353' title='bbox 298 2736 578 2775; x_wconf 82' lang='lat' dir='ltr'><strong>munturium</strong></span> <span class='ocrx_word' id='word_1_354' title='bbox 610 2734 647 2775; x_wconf 90' lang='lat' dir='ltr'><em>B</em></span> <span class='ocrx_word' id='word_1_355' title='bbox 685 2734 1044 2788; x_wconf 86' lang='lat' dir='ltr'><strong>promuntorium</strong></span> <span class='ocrx_word' id='word_1_356' title='bbox 1073 2736 1097 2776; x_wconf 93' lang='lat' dir='ltr'><em>b</em></span> <span class='ocrx_word' id='word_1_357' title='bbox 1134 2736 1520 2789; x_wconf 84' lang='lat' dir='ltr'><strong>promunctorium</strong></span> <span class='ocrx_word' id='word_1_358' title='bbox 1548 2733 1586 2774; x_wconf 73' lang='lat'><strong>13</strong></span> <span class='ocrx_word' id='word_1_359' title='bbox 1636 2729 1658 2786; x_wconf 78' lang='grc' dir='ltr'><strong>ΙΙ</strong></span> <span class='ocrx_word' id='word_1_360' title='bbox 1709 2743 1906 2785; x_wconf 75' lang='lat' dir='ltr'><strong>cryseon</strong></span> 
     </span>
     <span class='ocr_line' id='line_1_43' title="bbox 300 2785 1905 2846; baseline -0.002 -15"><span class='ocrx_word' id='word_1_361' title='bbox 300 2790 382 2831; x_wconf 80' lang='lat' dir='ltr'><strong>BR</strong></span> <span class='ocrx_word' id='word_1_362' title='bbox 421 2804 586 2843; x_wconf 85' lang='lat' dir='ltr'><strong>cryson</strong></span> <span class='ocrx_word' id='word_1_363' title='bbox 615 2791 639 2831; x_wconf 91' lang='lat' dir='ltr'><em>b</em></span> <span class='ocrx_word' id='word_1_364' title='bbox 685 2789 705 2844; x_wconf 84' lang='grc' dir='ltr'><strong>ΙΙ</strong></span> <span class='ocrx_word' id='word_1_365' title='bbox 751 2791 957 2833; x_wconf 78' lang='lat' dir='ltr'><strong>bizantio</strong></span> <span class='ocrx_word' id='word_1_366' title='bbox 987 2792 1023 2832; x_wconf 78' lang='lat' dir='ltr'><em>R</em></span> <span class='ocrx_word' id='word_1_367' title='bbox 1068 2787 1088 2846; x_wconf 78' lang='grc' dir='ltr'><strong>ΙΙ</strong></span> <span class='ocrx_word' id='word_1_368' title='bbox 1126 2793 1182 2832; x_wconf 79' lang='grc'><strong>20</strong></span> <span class='ocrx_word' id='word_1_369' title='bbox 1219 2791 1422 2843; x_wconf 79' lang='lat' dir='ltr'><strong>dyrratio</strong></span> <span class='ocrx_word' id='word_1_370' title='bbox 1451 2789 1531 2830; x_wconf 81' lang='lat' dir='ltr'><strong>BR</strong></span> <span class='ocrx_word' id='word_1_371' title='bbox 1575 2785 1597 2843; x_wconf 69' lang='grc' dir='ltr'><strong>ΙΙ</strong></span> <span class='ocrx_word' id='word_1_372' title='bbox 1642 2789 1696 2829; x_wconf 81' lang='grc'><strong>21</strong></span> <span class='ocrx_word' id='word_1_373' title='bbox 1726 2787 1905 2829; x_wconf 77' lang='lat' dir='ltr'><strong>distant</strong></span> 
     </span>
     <span class='ocr_line' id='line_1_44' title="bbox 301 2844 1304 2903; baseline 0.003 -17"><span class='ocrx_word' id='word_1_374' title='bbox 301 2845 360 2886; x_wconf 90' lang='lat' dir='ltr'><strong>B¹</strong></span> <span class='ocrx_word' id='word_1_375' title='bbox 399 2845 420 2901; x_wconf 85' lang='grc' dir='ltr'><strong>ΙΙ</strong></span> <span class='ocrx_word' id='word_1_376' title='bbox 458 2849 512 2888; x_wconf 89' lang='grc'><strong>22</strong></span> <span class='ocrx_word' id='word_1_377' title='bbox 543 2847 698 2891; x_wconf 77' lang='lat' dir='ltr'><strong>adrias</strong></span> <span class='ocrx_word' id='word_1_378' title='bbox 722 2847 760 2888; x_wconf 81' lang='lat' dir='ltr'><em>D</em></span> <span class='ocrx_word' id='word_1_379' title='bbox 800 2845 820 2903; x_wconf 80' lang='grc' dir='ltr'><strong>ΙΙ</strong></span> <span class='ocrx_word' id='word_1_380' title='bbox 858 2846 1142 2902; x_wconf 77' lang='lat' dir='ltr'><strong>ellespontus</strong></span> <span class='ocrx_word' id='word_1_381' title='bbox 1164 2847 1246 2889; x_wconf 81' lang='lat' dir='ltr'><strong>BR</strong></span> <span class='ocrx_word' id='word_1_382' title='bbox 1281 2844 1304 2901; x_wconf 80' lang='grc' dir='ltr'><strong><em>Π</em></strong></span> 
     </span>
    </p>
   </div>
  </div>
 </body>
</html>
