1982 3230
323 85 401 137 ,46
812 86 1111 128 MARTIANI
1134 66 1454 127 CAPELLAIJ:
1520 72 1521 76 ’

333 243 421 278 seu
448 230 593 278 Vesta
621 234 708 282 est,
738 233 791 276 ut
815 228 911 276 iam
938 226 1204 276 immortali
1229 227 1468 293 diuaeque
1504 227 1743 293 praecipit
1763 227 1935 279 dicens

333 299 459 347 ‘iam
487 298 602 347 sede
627 299 679 345 in
707 296 913 347 concilio
941 297 1072 347 Iouis
1100 296 1305 347 dilecta'
1344 298 1640 364 demumque
1673 298 1735 348 de
1760 313 1933 349 acerra
1975 298 1981 309 '

223 383 303 423 169
335 369 543 432 uirginis
588 373 779 432 partem
827 370 988 418 sumit.
1061 374 1178 418 tunc
1217 370 1481 432 portitores
1519 370 1661 418 diuae
1704 375 1934 434 correpta

332 438 505 488 lectica
541 453 719 502 magno
757 453 864 488 eam
908 437 1161 488 molimine
1196 439 1487 490 subuexere.
1551 439 1638 489 sed
1672 446 1933 505 postquam

333 516 527 558 centum
556 509 726 571 uiginti
751 525 836 559 sex
855 509 984 559 milia
1009 510 1277 559 stadiorum
1302 511 1431 560 aeria
1458 509 1679 560 subnecti
1702 508 1935 577 leuitate>
1976 521 1982 552 ὲ

333 580 719 629 conscenderant
738 595 794 628 ac
816 585 986 630 tonum
1013 582 1226 645 primum
1255 597 1314 630 ex
1335 581 1598 645 phthongis
1621 580 1935 644 compleuere

334 649 648 707 caelestibus,
688 650 916 700 lunarem
952 652 1172 715 ingressa
1199 651 1435 701 circulum
1470 652 1613 714 uirgo
1640 651 1781 700 diuae
1817 665 1934 700 con·

334 722 470 784 gruis
505 721 759 770 nidoribus
785 721 1106 786 supplicando
1135 722 1196 771 de
1230 723 1457 786 proximo
1494 722 1804 786 conspicatur
1831 720 1934 785 glo·

333 792 508 841 bosum
538 791 787 856 quoddam
813 799 1135 857 tenerumque
1175 808 1354 857 corpus
1382 808 1407 842 6
1434 794 1635 856 superni
1660 793 1788 841 roris
1812 790 1933 841 leui-

332 868 430 912 tate
457 869 765 926 compactum
800 864 954 912 instar
981 862 1169 927 speculi
1203 864 1524 928 praenitentis
1558 861 1816 912 adiaculati
1842 860 1982 911 ful-1·

228 951 310 990 170
334 934 467 996 goris
502 933 666 982 radios
701 932 974 983 reuibrare.
1049 935 1100 981 in
1129 948 1186 983 eo
1223 936 1364 982 sistra
1391 932 1572 983 Niliaca
1609 932 1936 996 Eleusinaque

333 1003 520 1068 lampas
565 1018 809 1067 arcusque
860 1003 1125 1068 Dictynnae
1170 1009 1500 1069 tympanaque
1535 1002 1761 1068 Cybeleia
1798 1002 1934 1053 uide-

332 1073 529 1123 bantur.
583 1074 821 1123 triformis
848 1075 991 1123 etiam
1020 1073 1331 1138 discolorque
1366 1075 1556 1137 uertigo
1583 1072 1790 1123 terribili
1816 1087 1935 1137 qua·

335 1145 446 1194 dam
483 1146 734 1194 maiestate
768 1144 1014 1194 rutilabat.
1082 1144 1347 1208 quaelicet
1381 1145 1639 1207 cornigera
1676 1149 1723 1194 et
1758 1158 1934 1207 aspera

335 1216 646 1272 crederetur,
691 1214 1055 1278 aggestionibus
1091 1222 1367 1279 opportuna
1413 1221 1579 1266 tamen
1623 1221 1669 1264 et
1704 1213 1851 1263 felem
1888 1219 1982 1263 et12

336 1301 535 1335 ceruam
584 1292 631 1335 et
675 1288 1027 1335 conuersiones
1071 1285 1146 1334 bis
1191 1285 1332 1334 binas
1361 1284 1576 1335 uultibus
1610 1283 1935 1349 praeferebat.

223 1365 301 1403 171
337 1356 512 1406 ethnc
551 1356 712 1405 medio
750 1371 896 1420 quam
934 1355 991 1405 ad
1031 1355 1196 1404 lunam
1233 1356 1610 1412 conscenderat,
1648 1355 1708 1404 ad
1736 1354 1935 1419 Cyllenii

335 1426 575 1476 circulum
600 1428 750 1476 uenit.
808 1442 906 1492 quo
933 1427 1199 1476 hemitonio
1234 1432 1486 1490 permeato
1513 1424 1763 1489 multiplex
1790 1426 1834 1474 ei
1859 1432 1934 1474 ut-

334 1504 449 1562 pote
484 1496 690 1546 nubenti
726 1497 952 1546 dominae
987 1497 1323 1545 ministrorum
1358 1495 1568 1560 populus
1611 1494 1936 1545 laetabundus

225 1576 303 1615 172
337 1570 565 1618 occurrit.
606 1570 734 1617 inter
762 1582 883 1631 quos
909 1566 1211 1632 splendentis
1229 1567 1415 1615 formae
1442 1566 1735 1631 habitusque
1755 1565 1933 1617 femina
1958 1583 1982 1614 21

335 1654 392 1689 ac
416 1645 675 1702 promptae
712 1637 948 1687 ubertatis
975 1636 1229 1686 ornatibus
1256 1636 1486 1701 opulenta
1512 1637 1704 1700 uirgine
1730 1636 1933 1686 salutata

336 1725 491 1774 usque
531 1710 580 1757 in
618 1710 720 1758 eius
756 1707 978 1758 osculum
1017 1708 1198 1758 confisa
1232 1708 1477 1772 peruenit.
1540 1707 1626 1756 sed
1662 1705 1935 1756 mirabatur

335 1779 412 1829 illa
461 1779 835 1844 obsequentium
872 1778 1158 1835 multitudo,
1207 1794 1332 1842 quae
1374 1779 1444 1827 sic
1474 1784 1527 1827 ut
1551 1778 1702 1842 Syrus
1737 1776 1935 1841 quidam

194 1861 250 1899 42
272 1858 306 1899 G
336 1852 511 1900 astruit
534 1851 583 1899 in
610 1865 818 1899 numero
846 1849 1055 1899 duorum
1091 1848 1279 1898 milium
1306 1847 1467 1899 fuerat
1491 1849 1776 1903 constituta,
1804 1846 1934 1910 quod

336 1923 531 1978 semina,
560 1936 705 1985 quam
726 1920 920 1970 Etrusci
946 1919 1175 1969 dicebant·
1198 1919 1291 1983 ipsi
1317 1920 1409 1969 deo
1435 1925 1637 1983 nuptam
1663 1917 1814 1967 fuisse
1829 1915 1934 1982 Cyl·
1956 1934 1982 1966 2!

335 1991 490 2048 lenio,
527 1990 660 2040 nulla
703 2005 909 2054 prorsus
943 1990 1125 2039 inuidia
1164 1988 1351 2038 titillata
1387 1990 1631 2052 uirginem
1682 1986 1949 2052 complexa-

226 2071 307 2112 173
338 2063 710 2111 constrinxerat.
773 2060 896 2110 11366
934 2067 1098 2109 autem
1123 2060 1398 2116 Facundia,
1426 2074 1542 2108 nam
1569 2059 1664 2108 hoc
1688 2057 1761 2107 illi
1786 2061 1934 2108 uoca-

337 2131 535 2189 bulum,
580 2132 631 2180 in
667 2130 967 2193 Philologiae
1002 2129 1263 2194 penatibus
1298 2145 1350 2179 se
1386 2135 1543 2178 ortam
1581 2129 1936 2194 educatamque

336 2201 642 2253 memorabat
666 2216 759 2251 1166
783 2201 1038 2264 indignum
1076 2215 1183 2249 esse
1209 2200 1341 2264 quod
1367 2199 1461 2248 sibi
1496 2198 1694 2248 alumna
1719 2196 1933 2263 praelata

339 2280 412 2323 est
437 2288 562 2338 quae
589 2278 638 2322 et
663 2271 756 2322 sibi
781 2285 977 2335 semper
1003 2276 1230 2319 ornatum
1258 2277 1305 2318 et
1330 2269 1566 2334 pabulum
1600 2267 1764 2318 multis
1788 2282 1931 2333 prae·
1954 2287 1982 2318 3«

227 2353 307 2394 174
338 2344 502 2394 buerit
528 2341 806 2407 disciplinis,
871 2342 1006 2390 uenit
1043 2341 1187 2390 etiam
1215 2340 1451 2404 quaedam
1481 2339 1662 2389 decens
1697 2354 1754 2388 ac
1789 2337 1930 2403 pudi-

339 2416 531 2465 cissima
566 2411 865 2478 puellarum,
894 2426 1020 2474 quae
1053 2409 1251 2475 praesul
1278 2411 1452 2460 domus
1487 2416 1750 2473 custosque
1775 2407 1932 2477 Cylle-

338 2487 462 2542 niae,
499 2498 674 2534 uerum
701 2483 899 2532 Themis
933 2488 1017 2530 aut
1049 2482 1247 2531 Astraea
1292 2488 1375 2530 aut
1409 2480 1622 2544 Erigone
1658 2477 1934 2529 dicebatur:

454 2656 475 2694 1
507 2653 733 2707 praecipit
753 2652 776 2692 b
805 2650 1041 2704 praecepit
1063 2649 1144 2689 BD
1187 2646 1206 2703 ΙΙ
1243 2651 1267 2690 2
1299 2651 1347 2690 111
1370 2646 1564 2690 om.B¹D
1597 2649 1616 2702 ΙΙ
1655 2647 1827 2689 dilecta
1841 2647 1936 2687 Ηιι-

337 2713 487 2764 yianus
517 2711 696 2750 directa
716 2708 800 2748 BD
827 2705 846 2761 Η
875 2708 900 2746 6
930 2706 1145 2760 pthongis
1163 2706 1204 2746 B
1233 2705 1502 2759 phtongisR
1529 2701 1548 2759 ΙΙ
1577 2705 1602 2744 8
1634 2717 1686 2744 su
1719 2701 1939 2757 plicanda

339 2765 439 2807 B¹R
467 2764 485 2810 ΙΙ
515 2769 567 2807 10
589 2763 929 2818 cumpactumR
956 2759 975 2816 Η
1004 2764 1055 2802 12
1077 2762 1360 2803 dictinnaeR
1386 2761 1405 2816 Η
1434 2760 1659 2813 cybeleiR
1733 2761 1785 2799 14
1806 2772 1937 2812 aspe-

339 2836 392 2863 ra
408 2823 471 2863 bR
496 2823 682 2876 spat-ica
698 2828 744 2862 ut
761 2816 930 2861 uidetur
949 2818 992 2858 B
1018 2812 1037 2873 {l
1066 2820 1118 2859 15
1140 2823 1365 2870 oportuna
1385 2818 1466 2858 BR
1492 2814 1512 2872 {l
1540 2818 1592 2857 17
1614 2815 1829 2867 chyllenii
1843 2816 1881 2856 R
1899 2811 1919 2869 ΙΙ

342 2880 395 2920 18
436 2879 553 2930 quod
584 2876 701 2919 B¹R¹
743 2874 763 2931 Η
797 2878 850 2918 21
887 2874 1057 2928 uirgini
1085 2872 1185 2915 B¹R
1223 2871 1242 2928 Η
1277 2877 1331 2917 33
1363 2878 1518 2916 astrea
1538 2872 1602 2914 Rb
1634 2871 1824 2913 astraB
1861 2868 1882 2925 ΙΙ
