1982 3230
455 83 746 127 cAEsAms
781 52 1121 126 GERMANIOI
1149 81 1394 124 ARATEA
1611 79 1715 133 391

71 240 74 242 ·
107 229 169 279 sit
191 241 485 279 enumerare
520 233 718 291 praeter
745 241 853 282 eos,
882 226 967 289 qui
1001 225 1244 290 mysteriis
1279 229 1534 288 praesunt.
1600 224 1715 272 item

107 299 223 349 dicit
261 299 514 349 Castorem
560 303 608 346 et
640 295 894 346 Pollucem
930 294 1236 361 Tyndaridas
1272 294 1593 344 Geminorum
1627 294 1716 343 ho-

0 336 55 430 ·ῗι
105 384 228 418 nore
256 369 540 422 decoratos,
568 367 700 432 quod
727 367 778 415 hi
805 367 1055 431 principes
1082 366 1308 414 dicantur
1334 380 1471 414 mare
1499 370 1658 415 tutum
1685 381 1717 414 a

0 449 3 453 ’
28 420 49 504 f
105 438 439 503 praedonibus
465 436 815 500 maleficiisque
853 443 1079 501 pacatum
1116 435 1405 485 reddidisse.
1471 442 1517 484 et
1543 450 1640 500 quo
1666 435 1717 484 in

0 503 4 506 ’
28 508 43 547 ‚⁷
58 520 83 554 5
107 516 328 572 tempore
355 509 701 571 nauigauerint
726 522 838 557 cum
859 506 1032 556 Iasone
1053 511 1199 569 atque
1219 505 1430 555 Hercule
1457 505 1517 554 ad
1538 504 1718 571 pellem

28 575 30 579 ’
103 580 379 629 inauratam
405 577 724 628 auferendam
761 576 925 627 multis
963 575 1220 626 laboribus
1245 576 1719 642 tempestatibusque

47 692 50 695 ,
107 649 397 706 conflictati,
427 647 761 712 periculorum
788 653 934 712 atque
960 646 1241 696 nimborum
1271 647 1460 710 experti
1486 647 1719 711 inpendio

103 720 266 784 potius
294 734 438 784 quam
466 718 700 768 libentius
736 719 1052 782 nauiganteS,
1093 715 1348 766 laboribus
1375 716 1588 766 liberare
1616 723 1717 766 stu-

28 824 39 838 ..
104 789 317 840 duerunt
346 787 611 854 [auxilium
639 788 771 838 ferre
797 787 1117 853 precantibus
1144 785 1489 854 studuerunt]
1555 788 1719 852 itaque

14 864 82 923 ἧξιο
105 875 218 910 cum
253 859 314 908 ab
349 859 468 909 Ioue
495 864 608 908 sunt
634 857 771 916 elati,
810 859 1094 923 petiuerunt
1121 874 1146 907 a
1173 866 1314 922 patre
1338 858 1431 907 sibi
1465 858 1638 907 liceret
1668 860 1718 906 in

21 931 39 977 ἐξ
105 945 162 980 eo
191 929 325 980 caelo
352 931 604 986 constitui,
634 929 764 978 unde
799 928 1406 982 mortalibusauxiliantes
1433 930 1721 993 prospicere

28 996 43 1067 ’ἑ
103 1006 318 1064 possent.
371 1015 494 1064 quas
521 999 582 1048 ob
610 1015 691 1050 res
719 1001 866 1049 uenia
901 999 1011 1048 data
1038 998 1287 1048 inmortali
1315 1002 1555 1048 memoria
1582 998 1719 1048 loco-

18 1095 35 1133 χ
105 1086 199 1135 que
223 1071 474 1119 constituit
493 1076 548 1120 ut
568 1069 816 1135 plerisque
839 1068 1130 1120 mortalibus
1146 1069 1410 1119 auxiliandi
1431 1071 1587 1133 gratia
1601 1084 1719 1119 con-

104 1146 328 1206 spectum
357 1140 638 1190 exhibeant.
702 1147 818 1191 sunt
845 1142 929 1204 qui
956 1139 1127 1189 dicunt
1151 1140 1417 1190 Herculem
1445 1140 1719 1189 Theseum-

23 1224 82 1263 .15
106 1226 202 1275 que
239 1225 346 1260 esse
374 1211 622 1261 Geminos,
687 1226 859 1259 eorum
887 1212 1176 1260 memoriam
1204 1211 1338 1260 hunc
1371 1210 1534 1260 locum
1563 1211 1719 1275 possi-

105 1282 224 1331 dere
250 1282 389 1336 ide0,
419 1281 548 1346 quod
581 1281 678 1330 duo
709 1282 920 1329 maxime
946 1281 1178 1331 dicuntur
1205 1282 1437 1330 artissimi
1464 1280 1720 1330 sodalitate

103 1353 309 1416 parique
336 1351 573 1400 industria
602 1357 748 1414 atque
775 1351 972 1415 egregia
1000 1352 1182 1400 uirtute
1210 1352 1430 1400 decorati
1457 1352 1720 1414 sapientia-

104 1438 200 1487 que
245 1422 421 1471 ceteris
475 1420 766 1470 mortalibus
810 1427 1134 1485 praestantes.
1219 1437 1433 1486 namque
1480 1420 1720 1471 Hercules

30 1550 33 1553 ,
106 1491 365 1542 duodecim
400 1490 544 1542 athlis
571 1491 827 1557 perfectiS,
858 1507 982 1556 quae
1010 1491 1070 1540 ab
1099 1491 1375 1558 Eurystheo
1403 1498 1519 1542 sunt
1545 1493 1589 1541 ei
1625 1494 1718 1541 im-

37 1575 84 1608 20
106 1569 304 1628 perata,
342 1567 548 1627 propter
575 1561 777 1611 Iunonis
803 1562 1032 1627 Iouisque
1072 1564 1420 1619 certationem,
1450 1562 1718 1612 immortali

106 1634 347 1682 memoria
386 1633 713 1681 contentionis
757 1637 1063 1691 aeternatuS‚
1106 1633 1397 1697 purgandae
1436 1651 1541 1683 *iz*
1571 1648 1718 1683 causa

19 638 29 670 ο
18 587 40 617 '5¹

223 1776 242 1814 1
287 1773 519 1825 mysteriis
550 1773 757 1813 Cauchius
787 1773 1058 1813 ministeriis
1093 1773 1126 1813 C
1161 1770 1179 1828 ΙΙ
1219 1777 1442 1826 praesent
1471 1786 1584 1814 corr.
1607 1788 1633 1813 a
1652 1787 1722 1826 pr.

105 1845 157 1872 m.
189 1831 231 1870 P
265 1826 286 1884 [l
324 1830 414 1869 iter
442 1830 483 1868 P
519 1826 536 1882 Η
576 1831 601 1868 2
633 1828 890 1869 tindaridas
920 1830 960 1869 P
996 1826 1014 1883 Η
1055 1832 1080 1870 3
1111 1830 1178 1869 hii
1207 1830 1240 1870 C
1277 1826 1296 1884 l]
1336 1833 1483 1870 tutum
1512 1843 1539 1870 a
1568 1831 1724 1871 Heins.

38 1897 44 1900 ·
106 1890 251 1927 totum
284 1882 354 1940 ΟΠ
375 1888 402 1926 4
432 1884 754 1938 malificiisque
786 1882 865 1939 ΒΗ
887 1886 1093 1926 reddisse
1124 1886 1167 1926 B
1187 1883 1205 1948 [Ι
1227 1889 1251 1927 7
1283 1886 1539 1927 nimborum
1568 1888 1728 1939 scripsi

44 1983 47 1987 ,
107 1943 361 1984 animorum
386 1942 418 1983 G
447 1943 562 1995 quod
583 1955 669 1994 pro
701 1939 889 1992 ἀνέμων
921 1944 1074 1983 dictum
1102 1949 1226 1995 putat
1247 1942 1406 1995 Breys.
1447 1940 1466 1997 [l
1505 1945 1530 1984 9
1562 1944 1724 1984 ‘rheto-

103 2002 236 2040 ricam
268 2000 654 2051 amplificationem’
687 2000 859 2051 agnouit
888 1998 1201 2040 Sclzaubaclzius
1232 1997 1549 2051 (instituerunt
1576 1998 1636 2052 B)
1687 1996 1706 2052 ΙΙ

105 2057 160 2095 12
191 2055 331 2095 uenia
361 2054 473 2094 data
502 2054 754 2108 Brcysiyius
793 2056 903 2095 ueni
934 2055 992 2096 ad
1022 2055 1065 2095 B
1095 2056 1225 2096 uenit
1256 2056 1314 2096 ad
1345 2058 1387 2096 P
1420 2053 1440 2110 ss
1478 2056 1726 2097 immortali

107 2111 149 2150 B
175 2108 182 2165 Ι
224 2112 276 2152 13
307 2114 357 2151 ut
388 2112 538 2151 addidi
556 2107 575 2164 ΙΙ
604 2111 859 2152 auxiliandi
889 2113 1046 2164 scripsi
1076 2112 1347 2153 auxiliantis
1377 2114 1419 2152 P
1445 2113 1724 2153 auxiliantes

106 2167 150 2207 B
201 2165 208 2222 Ι
249 2170 545 2221 conspectum
574 2169 732 2220 scripsi
770 2173 1023 2222 conspectu
1056 2169 1089 2209 C
1135 2170 1153 2223 Η
1204 2170 1257 2209 14
1289 2169 1542 2209 exhibeant
1569 2170 1728 2222 scripsi

106 2224 333 2276 praebent
362 2224 404 2264 P
444 2223 706 2265 liberantur
734 2223 776 2263 B
823 2221 842 2278 Η
893 2224 923 2275 †
962 2225 1303 2278 Thesbiumque
1345 2238 1446 2266 esse
1490 2226 1724 2267 Geminos.
1761 2225 1765 2229 ’

109 2293 263 2321 eorum
294 2281 557 2321 memoriam
587 2281 708 2321 hunc
739 2281 889 2321 locum
921 2281 1154 2334 possidere
1186 2282 1290 2322 ideo
1321 2283 1584 2323 conieceram
1606 2282 1724 2323 The-

107 2348 324 2388 seumque
357 2334 491 2390 (quod
519 2339 600 2376 iam
619 2337 856 2378 ,Merkelz'us
886 2337 1147 2390 coniecerat)
1181 2349 1284 2378 esse
1318 2339 1397 2389 qui
1430 2337 1726 2378 Geminorum

107 2393 375 2432 memoriam
412 2393 644 2445 publicam
684 2393 920 2446 possident
949 2393 1107 2445 Breys.
1140 2393 1372 2434 thesbium
1406 2392 1629 2445 (tesbium
1659 2394 1723 2446 P)

109 2447 187 2500 qui
217 2459 319 2488 esse
350 2449 607 2500 genitorum
637 2446 923 2501 (genitorom
952 2447 1042 2499 B¹)
1082 2450 1303 2490 memoria
1331 2450 1549 2503 populum
1580 2451 1727 2504 possi-

107 2504 217 2544 dere
249 2503 294 2542 id
327 2500 393 2554 (hi
424 2503 483 2554 B>
519 2504 554 2543 0
598 2500 617 2558 Η
669 2506 720 2545 17
752 2504 964 2545 decorati
994 2506 1319 2558 sapientiaque
1350 2507 1509 2559 scripsi
1536 2507 1727 2548 decora-

107 2560 169 2600 tis
203 2573 230 2600 a
251 2559 329 2612 pia
352 2572 469 2612 quae
503 2559 607 2612 (que
629 2559 688 2612 B)
714 2560 748 2600 C
793 2557 812 2614 11
863 2562 914 2602 18
944 2562 1216 2603 mortalibus
1246 2565 1541 2616 praestantes
1570 2564 1731 2616 scripsi

109 2615 431 2656 inmortalibus
454 2616 740 2656 restantibus
761 2617 803 2656 P
830 2617 1166 2659 immortalibus
1189 2622 1417 2660 restantes
1437 2619 1480 2658 B
1500 2616 1519 2674 Η
1542 2621 1593 2660 19
1615 2619 1725 2661 atlis
1744 2663 1752 2668 κ

111 2671 146 2712 C
169 2668 189 2726 ll
218 2673 418 2713 euristeo
449 2672 491 2711 P
520 2675 730 2723 eurysteo
763 2671 803 2711 B
837 2669 856 2727 Η
891 2674 934 2713 ei
965 2687 1042 2715 om.
1075 2676 1116 2715 P
1151 2671 1170 2727 Η
1209 2677 1264 2716 20
1294 2676 1543 2716 immortali
1570 2677 1731 2729 scripsi

109 2727 293 2768 mortali
325 2728 359 2769 C
385 2725 404 2782 Η
432 2730 484 2768 21
518 2731 787 2769 aeternatus
816 2731 974 2782 scripsi
1003 2731 1317 2772 animantibus
1352 2732 1385 2772 C
1408 2729 1427 2785 ΙΙ
1454 2732 1724 2785 purgandae

108 2786 267 2836 scripsi
286 2790 327 2825 et
347 2787 500 2824 terrae
524 2787 737 2826 excidisse
758 2787 947 2826 indicaui
965 2786 1198 2839 putandae
1220 2786 1263 2826 B
1294 2788 1554 2841 eputandae
1578 2790 1617 2830 P
1646 2789 1727 2830 im-

109 2839 342 2893 putandas
371 2854 503 2895 marg.
535 2855 685 2894 apogr.
719 2842 945 2882 Heinsiani
991 2840 1010 2896 [1
