<?xml version="1.0" encoding="UTF-8"?>
<!DOCTYPE html PUBLIC "-//W3C//DTD XHTML 1.0 Transitional//EN"
    "http://www.w3.org/TR/xhtml1/DTD/xhtml1-transitional.dtd">
<html xmlns="http://www.w3.org/1999/xhtml" xml:lang="en" lang="en">
 <head>
  <title>
</title>
<meta http-equiv="Content-Type" content="text/html;charset=utf-8" />
  <meta name='ocr-system' content='tesseract 3.04.00' />
  <meta name='ocr-capabilities' content='ocr_page ocr_carea ocr_par ocr_line ocrx_word'/>
</head>
<body>
  <div class='ocr_page' id='page_1' title='image "./martianvscapella00martuoft_0031.png"; bbox 0 0 1982 3230; ppageno 0'>
   <div class='ocr_carea' id='block_1_1' title="bbox 0 0 1660 325">
    <p class='ocr_par' dir='ltr' id='par_1_1' title="bbox 0 0 1660 325">
     <span class='ocr_line' id='line_1_1' title="bbox 0 0 1660 325; baseline -0.001 -185"><span class='ocrx_word' id='word_1_1' title='bbox 0 0 153 325; x_wconf 70' lang='grc' dir='ltr'>Γ</span> <span class='ocrx_word' id='word_1_2' title='bbox 326 84 328 86; x_wconf 77' lang='grc'>’</span> <span class='ocrx_word' id='word_1_3' title='bbox 618 98 702 139; x_wconf 83' lang='lat' dir='ltr'>DE</span> <span class='ocrx_word' id='word_1_4' title='bbox 735 96 1066 139; x_wconf 78' lang='lat' dir='ltr'>comomvs</span> <span class='ocrx_word' id='word_1_5' title='bbox 1285 159 1288 162; x_wconf 7' lang='grc' dir='ltr'>ψ</span> <span class='ocrx_word' id='word_1_6' title='bbox 1533 97 1660 139; x_wconf 85' lang='lat' dir='ltr'>xxv</span> 
     </span>
     <span class='ocr_line' id='line_1_2' title="bbox 29 222 1658 290; baseline -0.003 -13"><span class='ocrx_word' id='word_1_7' title='bbox 29 225 156 278; x_wconf 79' lang='lat' dir='ltr'>libri</span> <span class='ocrx_word' id='word_1_8' title='bbox 192 226 274 277; x_wconf 93' lang='lat' dir='ltr'>VII</span> <span class='ocrx_word' id='word_1_9' title='bbox 313 225 404 289; x_wconf 90' lang='lat' dir='ltr'>(ibi</span> <span class='ocrx_word' id='word_1_10' title='bbox 440 227 569 276; x_wconf 90' lang='lat' dir='ltr'>enim</span> <span class='ocrx_word' id='word_1_11' title='bbox 608 225 727 290; x_wconf 82' lang='lat' dir='ltr'>finit)</span> <span class='ocrx_word' id='word_1_12' title='bbox 768 225 828 274; x_wconf 86' lang='lat' dir='ltr'>de</span> <span class='ocrx_word' id='word_1_13' title='bbox 867 226 1050 290; x_wconf 88' lang='lat' dir='ltr'>nuptiis</span> <span class='ocrx_word' id='word_1_14' title='bbox 1089 222 1388 288; x_wconf 86' lang='lat' dir='ltr'>Philologiae</span> <span class='ocrx_word' id='word_1_15' title='bbox 1426 239 1535 273; x_wconf 83' lang='lat' dir='ltr'>cum</span> <span class='ocrx_word' id='word_1_16' title='bbox 1574 224 1658 273; x_wconf 90' lang='lat' dir='ltr'>ad-</span> 
     </span>
    </p>
   </div>
   <div class='ocr_carea' id='block_1_2' title="bbox 0 300 1659 2915">
    <p class='ocr_par' dir='ltr' id='par_1_2' title="bbox 0 300 1659 2915">
     <span class='ocr_line' id='line_1_3' title="bbox 0 300 1659 406; baseline -0.002 -43"><span class='ocrx_word' id='word_1_17' title='bbox 0 300 239 406; x_wconf 52' lang='lat' dir='ltr'>{scriptis</span> <span class='ocrx_word' id='word_1_18' title='bbox 274 311 354 361; x_wconf 90' lang='lat' dir='ltr'>hic</span> <span class='ocrx_word' id='word_1_19' title='bbox 387 309 484 361; x_wconf 89' lang='lat' dir='ltr'>illic</span> <span class='ocrx_word' id='word_1_20' title='bbox 518 309 708 375; x_wconf 83' lang='lat' dir='ltr'>glossis.</span> <span class='ocrx_word' id='word_1_21' title='bbox 762 309 999 359; x_wconf 87' lang='lat' dir='ltr'>Dominus</span> <span class='ocrx_word' id='word_1_22' title='bbox 1038 308 1282 373; x_wconf 85' lang='lat' dir='ltr'>Egbertus</span> <span class='ocrx_word' id='word_1_23' title='bbox 1316 308 1659 373; x_wconf 87' lang='lat' dir='ltr'>Archiepisco-</span> 
     </span>
     <span class='ocr_line' id='line_1_4' title="bbox 0 379 1658 463; baseline -0.002 -15"><span class='ocrx_word' id='word_1_24' title='bbox 0 379 12 441; x_wconf 63' lang='grc' dir='ltr'>ἶ</span> <span class='ocrx_word' id='word_1_25' title='bbox 37 412 132 463; x_wconf 89' lang='lat' dir='ltr'>pus</span> <span class='ocrx_word' id='word_1_26' title='bbox 168 396 522 448; x_wconf 85' lang='lat' dir='ltr'>Tradercensis</span> <span class='ocrx_word' id='word_1_27' title='bbox 559 394 736 444; x_wconf 92' lang='lat' dir='ltr'>obtulit</span> <span class='ocrx_word' id='word_1_28' title='bbox 741 433 863 444; x_wconf 91' lang='grc'><strong>.....</strong></span> <span class='ocrx_word' id='word_1_29' title='bbox 924 394 1057 443; x_wconf 87' lang='lat' dir='ltr'>bunc</span> <span class='ocrx_word' id='word_1_30' title='bbox 1093 392 1272 444; x_wconf 89' lang='lat' dir='ltr'>librum</span> <span class='ocrx_word' id='word_1_31' title='bbox 1318 409 1464 458; x_wconf 88' lang='lat' dir='ltr'>quem</span> <span class='ocrx_word' id='word_1_32' title='bbox 1503 396 1658 444; x_wconf 89' lang='lat' dir='ltr'>Vene-</span> 
     </span>
     <span class='ocr_line' id='line_1_5' title="bbox 0 478 1657 542; baseline -0.002 -10"><span class='ocrx_word' id='word_1_33' title='bbox 0 479 3 482; x_wconf 65' lang='grc'>’</span> <span class='ocrx_word' id='word_1_34' title='bbox 39 481 206 532; x_wconf 87' lang='lat' dir='ltr'>rabilis</span> <span class='ocrx_word' id='word_1_35' title='bbox 234 481 472 531; x_wconf 88' lang='lat' dir='ltr'>Dominus</span> <span class='ocrx_word' id='word_1_36' title='bbox 500 480 787 530; x_wconf 85' lang='lat' dir='ltr'>Gherardus</span> <span class='ocrx_word' id='word_1_37' title='bbox 822 479 890 528; x_wconf 90' lang='lat' dir='ltr'>De</span> <span class='ocrx_word' id='word_1_38' title='bbox 919 478 1213 542; x_wconf 84' lang='lat' dir='ltr'>Poelgheest</span> <span class='ocrx_word' id='word_1_39' title='bbox 1248 478 1400 529; x_wconf 85' lang='lat' dir='ltr'>abbas</span> <span class='ocrx_word' id='word_1_40' title='bbox 1438 480 1657 529; x_wconf 88' lang='lat' dir='ltr'>eiusdem</span> 
     </span>
     <span class='ocr_line' id='line_1_6' title="bbox 36 562 1655 628; baseline -0.002 -13"><span class='ocrx_word' id='word_1_41' title='bbox 36 565 135 616; x_wconf 84' lang='lat' dir='ltr'>loci</span> <span class='ocrx_word' id='word_1_42' title='bbox 178 565 378 628; x_wconf 85' lang='lat' dir='ltr'>religari</span> <span class='ocrx_word' id='word_1_43' title='bbox 425 565 539 615; x_wconf 81' lang='lat' dir='ltr'>fecit</span> <span class='ocrx_word' id='word_1_44' title='bbox 583 579 711 614; x_wconf 91' lang='lat' dir='ltr'>anno</span> <span class='ocrx_word' id='word_1_45' title='bbox 758 564 897 613; x_wconf 79' lang='lat' dir='ltr'>Doni.</span> <span class='ocrx_word' id='word_1_46' title='bbox 949 562 1086 614; x_wconf 85' lang='lat'>1465</span> <span class='ocrx_word' id='word_1_47' title='bbox 1141 564 1188 612; x_wconf 88' lang='lat' dir='ltr'>in</span> <span class='ocrx_word' id='word_1_48' title='bbox 1234 563 1442 615; x_wconf 86' lang='lat' dir='ltr'>membr.</span> <span class='ocrx_word' id='word_1_49' title='bbox 1491 564 1655 613; x_wconf 87' lang='lat' dir='ltr'>XVIII.</span> 
     </span>
     <span class='ocr_line' id='line_1_7' title="bbox 0 647 1658 717; baseline -0.002 -16"><span class='ocrx_word' id='word_1_50' title='bbox 0 714 1 717; x_wconf 8' lang='grc' dir='ltr'><strong>Ἴ</strong></span> <span class='ocrx_word' id='word_1_51' title='bbox 35 650 89 701; x_wconf 89' lang='lat' dir='ltr'>F.</span> <span class='ocrx_word' id='word_1_52' title='bbox 117 647 200 700; x_wconf 84' lang='lat'>87.</span> <span class='ocrx_word' id='word_1_53' title='bbox 251 679 321 685; x_wconf 93' lang='lat'><strong>—</strong></span> <span class='ocrx_word' id='word_1_54' title='bbox 371 648 418 715; x_wconf 85' lang='lat'>3)</span> <span class='ocrx_word' id='word_1_55' title='bbox 458 650 591 699; x_wconf 90' lang='lat' dir='ltr'>Idem</span> <span class='ocrx_word' id='word_1_56' title='bbox 628 650 818 713; x_wconf 84' lang='lat' dir='ltr'>integer</span> <span class='ocrx_word' id='word_1_57' title='bbox 859 647 1003 712; x_wconf 90' lang='lat' dir='ltr'>plane</span> <span class='ocrx_word' id='word_1_58' title='bbox 1038 654 1092 698; x_wconf 89' lang='lat' dir='ltr'>ut</span> <span class='ocrx_word' id='word_1_59' title='bbox 1128 647 1307 698; x_wconf 87' lang='lat' dir='ltr'>habeat</span> <span class='ocrx_word' id='word_1_60' title='bbox 1342 648 1497 697; x_wconf 84' lang='lat' dir='ltr'>libros</span> <span class='ocrx_word' id='word_1_61' title='bbox 1534 648 1658 697; x_wconf 91' lang='lat' dir='ltr'>VIIII</span> 
     </span>
     <span class='ocr_line' id='line_1_8' title="bbox 37 732 1658 802; baseline -0.002 -17.067"><span class='ocrx_word' id='word_1_62' title='bbox 37 749 162 802; x_wconf 87' lang='lat' dir='ltr'>quos</span> <span class='ocrx_word' id='word_1_63' title='bbox 196 736 261 784; x_wconf 88' lang='lat' dir='ltr'>ita</span> <span class='ocrx_word' id='word_1_64' title='bbox 297 735 403 783; x_wconf 86' lang='lat' dir='ltr'>finit</span> <span class='ocrx_word' id='word_1_65' title='bbox 448 735 701 784; x_wconf 74' lang='lat' dir='ltr'>eMartiani</span> <span class='ocrx_word' id='word_1_66' title='bbox 738 733 802 783; x_wconf 88' lang='lat' dir='ltr'>M.</span> <span class='ocrx_word' id='word_1_67' title='bbox 832 734 884 783; x_wconf 80' lang='lat' dir='ltr'>F.</span> <span class='ocrx_word' id='word_1_68' title='bbox 916 735 966 784; x_wconf 91' lang='lat' dir='ltr'>C.</span> <span class='ocrx_word' id='word_1_69' title='bbox 1017 732 1120 782; x_wconf 77' lang='lat' dir='ltr'>Afri</span> <span class='ocrx_word' id='word_1_70' title='bbox 1149 733 1570 797; x_wconf 81' lang='lat' dir='ltr'>Carthaginiensis</span> <span class='ocrx_word' id='word_1_71' title='bbox 1598 733 1658 782; x_wconf 82' lang='lat' dir='ltr'>de</span> 
     </span>
     <span class='ocr_line' id='line_1_9' title="bbox 0 803 1653 882; baseline -0.002 -11"><span class='ocrx_word' id='word_1_72' title='bbox 0 803 17 858; x_wconf 59' lang='grc' dir='ltr'>Ϊ“’</span> <span class='ocrx_word' id='word_1_73' title='bbox 35 820 267 871; x_wconf 81' lang='lat' dir='ltr'>Armonia</span> <span class='ocrx_word' id='word_1_74' title='bbox 287 819 412 869; x_wconf 89' lang='lat' dir='ltr'>liber</span> <span class='ocrx_word' id='word_1_75' title='bbox 432 819 558 869; x_wconf 92' lang='lat' dir='ltr'>VIIII</span> <span class='ocrx_word' id='word_1_76' title='bbox 588 817 800 882; x_wconf 84' lang='lat' dir='ltr'>explicit.</span> <span class='ocrx_word' id='word_1_77' title='bbox 839 820 892 868; x_wconf 90' lang='lat' dir='ltr'>ln</span> <span class='ocrx_word' id='word_1_78' title='bbox 921 817 1223 868; x_wconf 81' lang='lat' dir='ltr'>membranis</span> <span class='ocrx_word' id='word_1_79' title='bbox 1252 817 1402 867; x_wconf 84' lang='lat' dir='ltr'>XVIII</span> <span class='ocrx_word' id='word_1_80' title='bbox 1421 815 1572 868; x_wconf 78' lang='lat' dir='ltr'>F.88.</span> <span class='ocrx_word' id='word_1_81' title='bbox 1593 847 1653 853; x_wconf 92' lang='lat'><strong>—</strong></span> 
     </span>
     <span class='ocr_line' id='line_1_10' title="bbox 0 901 1658 971; baseline -0.003 -16"><span class='ocrx_word' id='word_1_82' title='bbox 0 901 89 971; x_wconf 88' lang='lat'>¹4)</span> <span class='ocrx_word' id='word_1_83' title='bbox 117 919 162 970; x_wconf 88' lang='lat' dir='ltr'>p.</span> <span class='ocrx_word' id='word_1_84' title='bbox 191 901 295 955; x_wconf 80' lang='lat'>372</span> <span class='ocrx_word' id='word_1_85' title='bbox 331 904 600 954; x_wconf 83' lang='lat' dir='ltr'>Martianus</span> <span class='ocrx_word' id='word_1_86' title='bbox 626 904 686 953; x_wconf 90' lang='lat' dir='ltr'>M.</span> <span class='ocrx_word' id='word_1_87' title='bbox 715 904 771 953; x_wconf 86' lang='lat' dir='ltr'>F.</span> <span class='ocrx_word' id='word_1_88' title='bbox 802 903 851 953; x_wconf 91' lang='lat' dir='ltr'>C.</span> <span class='ocrx_word' id='word_1_89' title='bbox 882 906 936 953; x_wconf 82' lang='lat' dir='ltr'>A.</span> <span class='ocrx_word' id='word_1_90' title='bbox 966 903 1024 953; x_wconf 88' lang='lat' dir='ltr'>K.</span> <span class='ocrx_word' id='word_1_91' title='bbox 1062 902 1174 952; x_wconf 87' lang='lat' dir='ltr'>libri</span> <span class='ocrx_word' id='word_1_92' title='bbox 1202 904 1261 952; x_wconf 86' lang='lat' dir='ltr'>de</span> <span class='ocrx_word' id='word_1_93' title='bbox 1289 909 1427 967; x_wconf 90' lang='lat' dir='ltr'>nupt.</span> <span class='ocrx_word' id='word_1_94' title='bbox 1456 901 1579 951; x_wconf 88' lang='lat' dir='ltr'>Phil.</span> <span class='ocrx_word' id='word_1_95' title='bbox 1611 909 1658 951; x_wconf 92' lang='lat' dir='ltr'>et</span> 
     </span>
     <span class='ocr_line' id='line_1_11' title="bbox 36 986 1656 1039; baseline -0.003 -0.109"><span class='ocrx_word' id='word_1_96' title='bbox 36 989 188 1039; x_wconf 82' lang='lat' dir='ltr'>Mero.</span> <span class='ocrx_word' id='word_1_97' title='bbox 218 990 323 1039; x_wconf 88' lang='lat' dir='ltr'>siue</span> <span class='ocrx_word' id='word_1_98' title='bbox 353 988 412 1038; x_wconf 90' lang='lat' dir='ltr'>de</span> <span class='ocrx_word' id='word_1_99' title='bbox 440 995 544 1038; x_wconf 89' lang='lat' dir='ltr'>arte</span> <span class='ocrx_word' id='word_1_100' title='bbox 574 990 919 1038; x_wconf 88' lang='lat' dir='ltr'>Grammatica.</span> <span class='ocrx_word' id='word_1_101' title='bbox 975 989 1029 1037; x_wconf 88' lang='lat' dir='ltr'>In</span> <span class='ocrx_word' id='word_1_102' title='bbox 1058 987 1242 1036; x_wconf 86' lang='lat' dir='ltr'>charta.</span> <span class='ocrx_word' id='word_1_103' title='bbox 1287 988 1360 1036; x_wconf 56' lang='lat' dir='ltr'>⁴Ex</span> <span class='ocrx_word' id='word_1_104' title='bbox 1389 987 1507 1037; x_wconf 90' lang='lat' dir='ltr'>bibl.</span> <span class='ocrx_word' id='word_1_105' title='bbox 1538 986 1656 1036; x_wconf 91' lang='lat' dir='ltr'>Mel-</span> 
     </span>
     <span class='ocr_line' id='line_1_12' title="bbox 0 1058 1656 1137; baseline -0.002 -13"><span class='ocrx_word' id='word_1_106' title='bbox 0 1058 3 1061; x_wconf 28' lang='lat'><em>*</em></span> <span class='ocrx_word' id='word_1_107' title='bbox 38 1074 131 1124; x_wconf 87' lang='lat' dir='ltr'>dus</span> <span class='ocrx_word' id='word_1_108' title='bbox 155 1074 423 1126; x_wconf 82' lang='lat' dir='ltr'>Therenot.</span> <span class='ocrx_word' id='word_1_109' title='bbox 451 1074 559 1122; x_wconf 87' lang='lat' dir='ltr'>XIX</span> <span class='ocrx_word' id='word_1_110' title='bbox 585 1072 634 1122; x_wconf 91' lang='grc' dir='ltr'>Ο.</span> <span class='ocrx_word' id='word_1_111' title='bbox 663 1071 747 1122; x_wconf 82' lang='lat'>36.</span> <span class='ocrx_word' id='word_1_112' title='bbox 780 1103 842 1108; x_wconf 92' lang='lat'>—</span> <span class='ocrx_word' id='word_1_113' title='bbox 872 1071 918 1137; x_wconf 83' lang='grc'>6)</span> <span class='ocrx_word' id='word_1_114' title='bbox 950 1088 997 1136; x_wconf 86' lang='lat' dir='ltr'>p.</span> <span class='ocrx_word' id='word_1_115' title='bbox 1027 1071 1128 1122; x_wconf 75' lang='lat'>331</span> <span class='ocrx_word' id='word_1_116' title='bbox 1160 1074 1434 1122; x_wconf 84' lang='lat' dir='ltr'>Marcianus</span> <span class='ocrx_word' id='word_1_117' title='bbox 1462 1071 1656 1136; x_wconf 80' lang='lat' dir='ltr'>Capella</span> 
     </span>
     <span class='ocr_line' id='line_1_13' title="bbox 38 1158 1656 1222; baseline 0 -14"><span class='ocrx_word' id='word_1_118' title='bbox 38 1173 150 1209; x_wconf 88' lang='lat' dir='ltr'>cum</span> <span class='ocrx_word' id='word_1_119' title='bbox 202 1158 376 1222; x_wconf 84' lang='lat' dir='ltr'>glossis</span> <span class='ocrx_word' id='word_1_120' title='bbox 427 1158 606 1207; x_wconf 80' lang='lat' dir='ltr'>densis,</span> <span class='ocrx_word' id='word_1_121' title='bbox 683 1158 733 1206; x_wconf 92' lang='lat' dir='ltr'>In</span> <span class='ocrx_word' id='word_1_122' title='bbox 786 1158 1074 1207; x_wconf 88' lang='lat' dir='ltr'>membrana</span> <span class='ocrx_word' id='word_1_123' title='bbox 1123 1172 1267 1206; x_wconf 88' lang='lat' dir='ltr'>manu</span> <span class='ocrx_word' id='word_1_124' title='bbox 1318 1159 1533 1221; x_wconf 85' lang='lat' dir='ltr'>antiqua.</span> <span class='ocrx_word' id='word_1_125' title='bbox 1588 1187 1656 1192; x_wconf 89' lang='lat'>——</span> 
     </span>
     <span class='ocr_line' id='line_1_14' title="bbox 39 1240 1654 1308; baseline -0.002 -14"><span class='ocrx_word' id='word_1_126' title='bbox 39 1242 85 1306; x_wconf 84' lang='lat'>7)</span> <span class='ocrx_word' id='word_1_127' title='bbox 126 1258 172 1308; x_wconf 92' lang='lat' dir='ltr'>p.</span> <span class='ocrx_word' id='word_1_128' title='bbox 200 1240 318 1293; x_wconf 75' lang='lat'>370.</span> <span class='ocrx_word' id='word_1_129' title='bbox 372 1243 425 1291; x_wconf 92' lang='lat' dir='ltr'>In</span> <span class='ocrx_word' id='word_1_130' title='bbox 454 1241 725 1291; x_wconf 84' lang='lat' dir='ltr'>membran.</span> <span class='ocrx_word' id='word_1_131' title='bbox 757 1280 793 1291; x_wconf 87' lang='lat'>..</span> <span class='ocrx_word' id='word_1_132' title='bbox 815 1281 823 1291; x_wconf 92' lang='lat'>.</span> <span class='ocrx_word' id='word_1_133' title='bbox 845 1281 855 1291; x_wconf 93' lang='lat'>.</span> <span class='ocrx_word' id='word_1_134' title='bbox 884 1242 1091 1290; x_wconf 85' lang='lat' dir='ltr'>Nomina</span> <span class='ocrx_word' id='word_1_135' title='bbox 1128 1243 1498 1306; x_wconf 88' lang='lat' dir='ltr'>prouinciarum</span> <span class='ocrx_word' id='word_1_136' title='bbox 1536 1255 1654 1304; x_wconf 88' lang='lat' dir='ltr'>gen-</span> 
     </span>
     <span class='ocr_line' id='line_1_15' title="bbox 36 1326 1656 1376; baseline -0.001 0"><span class='ocrx_word' id='word_1_137' title='bbox 36 1328 159 1376; x_wconf 82' lang='lat' dir='ltr'>tium</span> <span class='ocrx_word' id='word_1_138' title='bbox 194 1326 390 1376; x_wconf 87' lang='lat' dir='ltr'>urbium</span> <span class='ocrx_word' id='word_1_139' title='bbox 419 1326 689 1375; x_wconf 85' lang='lat' dir='ltr'>insularum</span> <span class='ocrx_word' id='word_1_140' title='bbox 726 1332 773 1375; x_wconf 87' lang='lat' dir='ltr'>et</span> <span class='ocrx_word' id='word_1_141' title='bbox 799 1326 1017 1375; x_wconf 86' lang='lat' dir='ltr'>Paradisi</span> <span class='ocrx_word' id='word_1_142' title='bbox 1055 1326 1315 1376; x_wconf 86' lang='lat' dir='ltr'>fluminum</span> <span class='ocrx_word' id='word_1_143' title='bbox 1343 1333 1437 1375; x_wconf 90' lang='lat' dir='ltr'>etc.</span> <span class='ocrx_word' id='word_1_144' title='bbox 1475 1328 1562 1375; x_wconf 74' lang='lat' dir='ltr'>ubi</span> <span class='ocrx_word' id='word_1_145' title='bbox 1584 1333 1656 1376; x_wconf 81' lang='lat' dir='ltr'>est</span> 
     </span>
     <span class='ocr_line' id='line_1_16' title="bbox 34 1409 1655 1476; baseline -0.001 -13"><span class='ocrx_word' id='word_1_146' title='bbox 34 1425 214 1463; x_wconf 81' lang='lat' dir='ltr'>nomen</span> <span class='ocrx_word' id='word_1_147' title='bbox 241 1413 506 1462; x_wconf 71' lang='lat' dir='ltr'>Marciani</span> <span class='ocrx_word' id='word_1_148' title='bbox 529 1414 586 1461; x_wconf 83' lang='lat' dir='ltr'>F.</span> <span class='ocrx_word' id='word_1_149' title='bbox 619 1413 670 1461; x_wconf 88' lang='lat' dir='ltr'>C.</span> <span class='ocrx_word' id='word_1_150' title='bbox 692 1450 702 1461; x_wconf 91' lang='lat'>.</span> <span class='ocrx_word' id='word_1_151' title='bbox 722 1450 760 1459; x_wconf 93' lang='lat'>..</span> <span class='ocrx_word' id='word_1_152' title='bbox 802 1441 865 1446; x_wconf 90' lang='lat'><strong>—</strong></span> <span class='ocrx_word' id='word_1_153' title='bbox 905 1409 952 1476; x_wconf 80' lang='lat'>8&gt;</span> <span class='ocrx_word' id='word_1_154' title='bbox 982 1427 1027 1475; x_wconf 87' lang='lat' dir='ltr'>p.</span> <span class='ocrx_word' id='word_1_155' title='bbox 1059 1409 1179 1462; x_wconf 81' lang='lat'>371.</span> <span class='ocrx_word' id='word_1_156' title='bbox 1218 1411 1492 1475; x_wconf 83' lang='lat' dir='ltr'>Descriptio</span> <span class='ocrx_word' id='word_1_157' title='bbox 1521 1411 1655 1461; x_wconf 88' lang='lat' dir='ltr'>orbis</span> 
     </span>
     <span class='ocr_line' id='line_1_17' title="bbox 35 1495 1656 1568; baseline -0.002 -22"><span class='ocrx_word' id='word_1_158' title='bbox 35 1497 202 1547; x_wconf 82' lang='lat' dir='ltr'>terrae</span> <span class='ocrx_word' id='word_1_159' title='bbox 227 1495 307 1545; x_wconf 92' lang='lat' dir='ltr'>uel</span> <span class='ocrx_word' id='word_1_160' title='bbox 334 1496 513 1560; x_wconf 89' lang='lat' dir='ltr'>sphera</span> <span class='ocrx_word' id='word_1_161' title='bbox 541 1496 1014 1568; x_wconf 45' lang='lat' dir='ltr'>geometrica-Marc.</span> <span class='ocrx_word' id='word_1_162' title='bbox 1044 1496 1106 1546; x_wconf 89' lang='lat' dir='ltr'>M.</span> <span class='ocrx_word' id='word_1_163' title='bbox 1138 1497 1190 1545; x_wconf 85' lang='lat' dir='ltr'>F.</span> <span class='ocrx_word' id='word_1_164' title='bbox 1215 1496 1264 1546; x_wconf 91' lang='lat' dir='ltr'>C.</span> <span class='ocrx_word' id='word_1_165' title='bbox 1288 1498 1340 1545; x_wconf 84' lang='lat' dir='ltr'>A.</span> <span class='ocrx_word' id='word_1_166' title='bbox 1372 1496 1557 1545; x_wconf 69' lang='lat' dir='ltr'>Carth.²</span> <span class='ocrx_word' id='word_1_167' title='bbox 1585 1525 1656 1532; x_wconf 84' lang='lat'>——-</span> 
     </span>
     <span class='ocr_line' id='line_1_18' title="bbox 35 1579 1654 1631; baseline 0 -2"><span class='ocrx_word' id='word_1_168' title='bbox 35 1579 112 1631; x_wconf 88' lang='lat' dir='ltr'>his</span> <span class='ocrx_word' id='word_1_169' title='bbox 147 1581 387 1630; x_wconf 86' lang='lat' dir='ltr'>accedunt</span> <span class='ocrx_word' id='word_1_170' title='bbox 423 1581 663 1630; x_wconf 87' lang='lat' dir='ltr'>editiones</span> <span class='ocrx_word' id='word_1_171' title='bbox 689 1581 913 1631; x_wconf 88' lang='lat' dir='ltr'>Martiani</span> <span class='ocrx_word' id='word_1_172' title='bbox 941 1596 1051 1630; x_wconf 87' lang='lat' dir='ltr'>cum</span> <span class='ocrx_word' id='word_1_173' title='bbox 1092 1581 1345 1630; x_wconf 82' lang='lat' dir='ltr'>codicibus</span> <span class='ocrx_word' id='word_1_174' title='bbox 1374 1597 1437 1630; x_wconf 91' lang='lat' dir='ltr'>m.</span> <span class='ocrx_word' id='word_1_175' title='bbox 1468 1598 1506 1630; x_wconf 90' lang='lat' dir='ltr'>s.</span> <span class='ocrx_word' id='word_1_176' title='bbox 1537 1596 1654 1630; x_wconf 87' lang='lat' dir='ltr'>con-</span> 
     </span>
     <span class='ocr_line' id='line_1_19' title="bbox 35 1663 1653 1730; baseline -0.001 -16"><span class='ocrx_word' id='word_1_177' title='bbox 35 1663 163 1715; x_wconf 80' lang='lat' dir='ltr'>latae</span> <span class='ocrx_word' id='word_1_178' title='bbox 197 1665 290 1715; x_wconf 87' lang='lat' dir='ltr'>hae</span> <span class='ocrx_word' id='word_1_179' title='bbox 318 1679 438 1730; x_wconf 87' lang='lat' dir='ltr'>quas</span> <span class='ocrx_word' id='word_1_180' title='bbox 464 1666 578 1715; x_wconf 91' lang='lat' dir='ltr'>item</span> <span class='ocrx_word' id='word_1_181' title='bbox 607 1667 655 1715; x_wconf 94' lang='lat' dir='ltr'>in</span> <span class='ocrx_word' id='word_1_182' title='bbox 683 1665 801 1714; x_wconf 90' lang='lat' dir='ltr'>bibl.</span> <span class='ocrx_word' id='word_1_183' title='bbox 832 1666 986 1730; x_wconf 85' lang='lat' dir='ltr'>Lugd.</span> <span class='ocrx_word' id='word_1_184' title='bbox 1028 1668 1273 1715; x_wconf 84' lang='lat' dir='ltr'>asseruari</span> <span class='ocrx_word' id='word_1_185' title='bbox 1308 1666 1482 1715; x_wconf 87' lang='lat' dir='ltr'>scribit</span> <span class='ocrx_word' id='word_1_186' title='bbox 1507 1665 1653 1715; x_wconf 77' lang='lat' dir='ltr'>Balil-</span> 
     </span>
     <span class='ocr_line' id='line_1_20' title="bbox 34 1737 1654 1815; baseline -0.001 -16"><span class='ocrx_word' id='word_1_187' title='bbox 34 1737 246 1800; x_wconf 86' lang='lat' dir='ltr'>mannus</span> <span class='ocrx_word' id='word_1_188' title='bbox 283 1749 362 1814; x_wconf 75' lang='lat' dir='ltr'>el)</span> <span class='ocrx_word' id='word_1_189' title='bbox 402 1749 610 1815; x_wconf 86' lang='lat' dir='ltr'>Capella.</span> <span class='ocrx_word' id='word_1_190' title='bbox 644 1748 792 1800; x_wconf 80' lang='lat'>1599.</span> <span class='ocrx_word' id='word_1_191' title='bbox 846 1750 965 1801; x_wconf 86' lang='lat' dir='ltr'>Cum</span> <span class='ocrx_word' id='word_1_192' title='bbox 1003 1752 1131 1800; x_wconf 91' lang='lat' dir='ltr'>notis</span> <span class='ocrx_word' id='word_1_193' title='bbox 1158 1751 1292 1800; x_wconf 88' lang='lat' dir='ltr'>MSS.</span> <span class='ocrx_word' id='word_1_194' title='bbox 1331 1753 1383 1800; x_wconf 88' lang='grc' dir='ltr'>Α.</span> <span class='ocrx_word' id='word_1_195' title='bbox 1414 1751 1654 1801; x_wconf 87' lang='lat' dir='ltr'>Gronouii</span> 
     </span>
     <span class='ocr_line' id='line_1_21' title="bbox 34 1832 1652 1900; baseline -0.001 -16"><span class='ocrx_word' id='word_1_196' title='bbox 34 1832 84 1884; x_wconf 95' lang='grc' dir='ltr'>Ο.</span> <span class='ocrx_word' id='word_1_197' title='bbox 111 1833 197 1886; x_wconf 86' lang='grc'>33.</span> <span class='ocrx_word' id='word_1_198' title='bbox 240 1865 297 1871; x_wconf 88' lang='grc'><strong>-</strong></span> <span class='ocrx_word' id='word_1_199' title='bbox 339 1833 387 1899; x_wconf 80' lang='lat'>2)</span> <span class='ocrx_word' id='word_1_200' title='bbox 425 1835 635 1900; x_wconf 84' lang='lat' dir='ltr'>Capella.</span> <span class='ocrx_word' id='word_1_201' title='bbox 688 1835 936 1884; x_wconf 89' lang='lat' dir='ltr'>Vicentiae</span> <span class='ocrx_word' id='word_1_202' title='bbox 966 1833 1103 1884; x_wconf 79' lang='lat'>1499</span> <span class='ocrx_word' id='word_1_203' title='bbox 1131 1850 1241 1884; x_wconf 87' lang='lat' dir='ltr'>cum</span> <span class='ocrx_word' id='word_1_204' title='bbox 1269 1835 1433 1883; x_wconf 86' lang='lat' dir='ltr'>adnot.</span> <span class='ocrx_word' id='word_1_205' title='bbox 1465 1835 1597 1884; x_wconf 82' lang='lat' dir='ltr'>MSS.</span> <span class='ocrx_word' id='word_1_206' title='bbox 1627 1850 1652 1882; x_wconf 83' lang='lat' dir='ltr'>a</span> 
     </span>
     <span class='ocr_line' id='line_1_22' title="bbox 6 1917 1653 1985; baseline -0.001 -16"><span class='ocrx_word' id='word_1_207' title='bbox 6 1957 10 1962; x_wconf 82' lang='lat'>.</span> <span class='ocrx_word' id='word_1_208' title='bbox 37 1919 295 1970; x_wconf 86' lang='lat' dir='ltr'>Perizonio</span> <span class='ocrx_word' id='word_1_209' title='bbox 324 1919 486 1969; x_wconf 88' lang='lat' dir='ltr'>XVIII.</span> <span class='ocrx_word' id='word_1_210' title='bbox 515 1918 563 1968; x_wconf 88' lang='grc' dir='ltr'>Ο.</span> <span class='ocrx_word' id='word_1_211' title='bbox 593 1918 675 1969; x_wconf 78' lang='grc'>32.</span> <span class='ocrx_word' id='word_1_212' title='bbox 713 1949 782 1955; x_wconf 85' lang='grc'><strong>-</strong></span> <span class='ocrx_word' id='word_1_213' title='bbox 818 1917 868 1979; x_wconf 84' lang='lat'>3)</span> <span class='ocrx_word' id='word_1_214' title='bbox 907 1920 1045 1968; x_wconf 87' lang='lat' dir='ltr'>Mart.</span> <span class='ocrx_word' id='word_1_215' title='bbox 1077 1919 1190 1985; x_wconf 89' lang='lat' dir='ltr'>Cap.</span> <span class='ocrx_word' id='word_1_216' title='bbox 1221 1934 1310 1982; x_wconf 91' lang='lat' dir='ltr'>per</span> <span class='ocrx_word' id='word_1_217' title='bbox 1336 1920 1653 1969; x_wconf 89' lang='lat' dir='ltr'>Bonauentu-</span> 
     </span>
     <span class='ocr_line' id='line_1_23' title="bbox 36 1988 1653 2054; baseline -0.001 -1"><span class='ocrx_word' id='word_1_218' title='bbox 36 2019 143 2053; x_wconf 88' lang='lat' dir='ltr'>ram</span> <span class='ocrx_word' id='word_1_219' title='bbox 171 2003 456 2053; x_wconf 90' lang='lat' dir='ltr'>Vulcanium</span> <span class='ocrx_word' id='word_1_220' title='bbox 485 2003 706 2054; x_wconf 86' lang='lat' dir='ltr'>Basileae</span> <span class='ocrx_word' id='word_1_221' title='bbox 737 2001 887 2053; x_wconf 74' lang='lat'>1577.</span> <span class='ocrx_word' id='word_1_222' title='bbox 939 1988 1027 2053; x_wconf 69' lang='lat' dir='ltr'>Cui</span> <span class='ocrx_word' id='word_1_223' title='bbox 1054 2021 1079 2054; x_wconf 90' lang='lat' dir='ltr'>a</span> <span class='ocrx_word' id='word_1_224' title='bbox 1108 2006 1215 2053; x_wconf 91' lang='lat' dir='ltr'>uiro</span> <span class='ocrx_word' id='word_1_225' title='bbox 1244 2003 1388 2053; x_wconf 89' lang='lat' dir='ltr'>docto</span> <span class='ocrx_word' id='word_1_226' title='bbox 1416 2003 1653 2052; x_wconf 87' lang='lat' dir='ltr'>nonnulla</span> 
     </span>
     <span class='ocr_line' id='line_1_24' title="bbox 39 2087 1650 2155; baseline -0.001 -17"><span class='ocrx_word' id='word_1_227' title='bbox 39 2094 155 2138; x_wconf 81' lang='lat' dir='ltr'>sunt</span> <span class='ocrx_word' id='word_1_228' title='bbox 181 2089 443 2152; x_wconf 86' lang='lat' dir='ltr'>adscripta.</span> <span class='ocrx_word' id='word_1_229' title='bbox 483 2118 553 2125; x_wconf 83' lang='lat'>-—</span> <span class='ocrx_word' id='word_1_230' title='bbox 603 2087 652 2151; x_wconf 88' lang='lat'>4)</span> <span class='ocrx_word' id='word_1_231' title='bbox 684 2088 903 2153; x_wconf 86' lang='lat' dir='ltr'>Capella,</span> <span class='ocrx_word' id='word_1_232' title='bbox 945 2090 1202 2155; x_wconf 82' lang='lat' dir='ltr'>Satyricon</span> <span class='ocrx_word' id='word_1_233' title='bbox 1230 2104 1341 2137; x_wconf 91' lang='lat' dir='ltr'>cum</span> <span class='ocrx_word' id='word_1_234' title='bbox 1371 2090 1498 2137; x_wconf 90' lang='lat' dir='ltr'>notis</span> <span class='ocrx_word' id='word_1_235' title='bbox 1526 2089 1650 2152; x_wconf 87' lang='lat' dir='ltr'>Hug.</span> 
     </span>
     <span class='ocr_line' id='line_1_25' title="bbox 38 2170 1654 2237; baseline -0.001 -15"><span class='ocrx_word' id='word_1_236' title='bbox 38 2171 211 2222; x_wconf 83' lang='lat' dir='ltr'>Grotii.</span> <span class='ocrx_word' id='word_1_237' title='bbox 240 2173 394 2237; x_wconf 84' lang='lat' dir='ltr'>Lugd.</span> <span class='ocrx_word' id='word_1_238' title='bbox 425 2174 527 2223; x_wconf 85' lang='lat' dir='ltr'>Bat.</span> <span class='ocrx_word' id='word_1_239' title='bbox 561 2171 712 2223; x_wconf 80' lang='lat'>1599.</span> <span class='ocrx_word' id='word_1_240' title='bbox 755 2174 874 2224; x_wconf 90' lang='lat' dir='ltr'>Cum</span> <span class='ocrx_word' id='word_1_241' title='bbox 903 2181 1068 2224; x_wconf 86' lang='lat' dir='ltr'>annot.</span> <span class='ocrx_word' id='word_1_242' title='bbox 1099 2175 1155 2223; x_wconf 88' lang='lat' dir='ltr'>G.</span> <span class='ocrx_word' id='word_1_243' title='bbox 1180 2175 1213 2224; x_wconf 92' lang='grc' dir='ltr'>Ι.</span> <span class='ocrx_word' id='word_1_244' title='bbox 1238 2175 1410 2223; x_wconf 91' lang='lat' dir='ltr'>Vossii.</span> <span class='ocrx_word' id='word_1_245' title='bbox 1440 2175 1489 2221; x_wconf 93' lang='lat' dir='ltr'>in</span> <span class='ocrx_word' id='word_1_246' title='bbox 1511 2170 1558 2222; x_wconf 83' lang='lat'>8.</span> <span class='ocrx_word' id='word_1_247' title='bbox 1584 2202 1654 2208; x_wconf 90' lang='lat'>-—</span> 
     </span>
     <span class='ocr_line' id='line_1_26' title="bbox 35 2254 1650 2324; baseline -0.001 -16"><span class='ocrx_word' id='word_1_248' title='bbox 35 2254 87 2321; x_wconf 85' lang='lat'>5)</span> <span class='ocrx_word' id='word_1_249' title='bbox 128 2257 338 2323; x_wconf 85' lang='lat' dir='ltr'>Capella.</span> <span class='ocrx_word' id='word_1_250' title='bbox 394 2257 740 2322; x_wconf 89' lang='lat' dir='ltr'>Septendecim</span> <span class='ocrx_word' id='word_1_251' title='bbox 770 2260 978 2324; x_wconf 83' lang='lat' dir='ltr'>paginae</span> <span class='ocrx_word' id='word_1_252' title='bbox 1006 2266 1118 2308; x_wconf 89' lang='lat' dir='ltr'>sunt</span> <span class='ocrx_word' id='word_1_253' title='bbox 1146 2258 1350 2308; x_wconf 88' lang='lat' dir='ltr'>collatae</span> <span class='ocrx_word' id='word_1_254' title='bbox 1378 2273 1487 2308; x_wconf 87' lang='lat' dir='ltr'>cum</span> <span class='ocrx_word' id='word_1_255' title='bbox 1515 2257 1650 2307; x_wconf 87' lang='lat' dir='ltr'>MSS.</span> 
     </span>
     <span class='ocr_line' id='line_1_27' title="bbox 38 2341 1651 2407; baseline 0.001 -17"><span class='ocrx_word' id='word_1_256' title='bbox 38 2341 87 2390; x_wconf 90' lang='lat' dir='ltr'>in</span> <span class='ocrx_word' id='word_1_257' title='bbox 115 2346 233 2391; x_wconf 61' lang='lat' dir='ltr'>oct?</span> <span class='ocrx_word' id='word_1_258' title='bbox 287 2343 409 2391; x_wconf 84' lang='lat' dir='ltr'>haec</span> <span class='ocrx_word' id='word_1_259' title='bbox 434 2357 627 2391; x_wconf 89' lang='lat' dir='ltr'>mecum</span> <span class='ocrx_word' id='word_1_260' title='bbox 657 2342 773 2392; x_wconf 92' lang='lat' dir='ltr'>olim</span> <span class='ocrx_word' id='word_1_261' title='bbox 801 2358 890 2406; x_wconf 91' lang='lat' dir='ltr'>per</span> <span class='ocrx_word' id='word_1_262' title='bbox 918 2342 1101 2394; x_wconf 85' lang='lat' dir='ltr'>litteras</span> <span class='ocrx_word' id='word_1_263' title='bbox 1139 2343 1489 2407; x_wconf 84' lang='lat' dir='ltr'>benignissime</span> <span class='ocrx_word' id='word_1_264' title='bbox 1517 2358 1651 2392; x_wconf 89' lang='lat' dir='ltr'>com-</span> 
     </span>
     <span class='ocr_line' id='line_1_28' title="bbox 34 2427 999 2477; baseline 0.002 -2"><span class='ocrx_word' id='word_1_265' title='bbox 34 2428 306 2476; x_wconf 88' lang='lat' dir='ltr'>municauit</span> <span class='ocrx_word' id='word_1_266' title='bbox 334 2427 623 2477; x_wconf 86' lang='lat' dir='ltr'>Franciscus</span> <span class='ocrx_word' id='word_1_267' title='bbox 649 2427 999 2477; x_wconf 72' lang='lat' dir='ltr'>Bahlmannus</span> 
     </span>
     <span class='ocr_line' id='line_1_29' title="bbox 178 2510 1140 2576; baseline 0.001 -17"><span class='ocrx_word' id='word_1_268' title='bbox 178 2510 312 2560; x_wconf 91' lang='lat' dir='ltr'>Duos</span> <span class='ocrx_word' id='word_1_269' title='bbox 339 2514 533 2575; x_wconf 88' lang='lat' dir='ltr'>priores</span> <span class='ocrx_word' id='word_1_270' title='bbox 559 2511 715 2562; x_wconf 89' lang='lat' dir='ltr'>libros</span> <span class='ocrx_word' id='word_1_271' title='bbox 744 2511 1140 2576; x_wconf 85' lang='lat' dir='ltr'>complectuntur</span> 
     </span>
     <span class='ocr_line' id='line_1_30' title="bbox 181 2595 1262 2661; baseline 0.001 -17"><span class='ocrx_word' id='word_1_272' title='bbox 181 2595 257 2660; x_wconf 89' lang='lat' dir='ltr'>(de</span> <span class='ocrx_word' id='word_1_273' title='bbox 283 2596 659 2646; x_wconf 88' lang='lat' dir='ltr'>Monacensibus</span> <span class='ocrx_word' id='word_1_274' title='bbox 687 2597 869 2646; x_wconf 87' lang='lat' dir='ltr'>dictum</span> <span class='ocrx_word' id='word_1_275' title='bbox 898 2604 970 2646; x_wconf 86' lang='lat' dir='ltr'>est</span> <span class='ocrx_word' id='word_1_276' title='bbox 998 2613 1042 2660; x_wconf 90' lang='lat' dir='ltr'>p.</span> <span class='ocrx_word' id='word_1_277' title='bbox 1071 2597 1262 2661; x_wconf 84' lang='lat' dir='ltr'>XXIIII)</span> 
     </span>
     <span class='ocr_line' id='line_1_31' title="bbox 179 2678 1653 2746; baseline 0 -18"><span class='ocrx_word' id='word_1_278' title='bbox 179 2679 629 2730; x_wconf 82' lang='lat' dir='ltr'>Ambrosianus</span> <span class='ocrx_word' id='word_1_279' title='bbox 673 2682 735 2730; x_wconf 85' lang='lat' dir='ltr'>M.</span> <span class='ocrx_word' id='word_1_280' title='bbox 774 2679 839 2731; x_wconf 83' lang='lat'>37</span> <span class='ocrx_word' id='word_1_281' title='bbox 878 2681 1434 2746; x_wconf 59' lang='lat' dir='ltr'>sup-membranaceus</span> <span class='ocrx_word' id='word_1_282' title='bbox 1469 2678 1653 2729; x_wconf 86' lang='lat' dir='ltr'>saeculi</span> 
     </span>
     <span class='ocr_line' id='line_1_32' title="bbox 3 2756 925 2829; baseline 0.001 -16"><span class='ocrx_word' id='word_1_283' title='bbox 3 2756 8 2775; x_wconf 66' lang='lat'>³</span> <span class='ocrx_word' id='word_1_284' title='bbox 35 2761 167 2815; x_wconf 91' lang='lat' dir='ltr'>Xllll</span> <span class='ocrx_word' id='word_1_285' title='bbox 195 2765 382 2814; x_wconf 81' lang='lat' dir='ltr'>formae</span> <span class='ocrx_word' id='word_1_286' title='bbox 410 2765 652 2829; x_wconf 86' lang='lat' dir='ltr'>oblongae</span> <span class='ocrx_word' id='word_1_287' title='bbox 679 2767 925 2815; x_wconf 88' lang='lat' dir='ltr'>minimae.</span> 
     </span>
     <span class='ocr_line' id='line_1_33' title="bbox 179 2847 1648 2915; baseline -0.001 -16"><span class='ocrx_word' id='word_1_288' title='bbox 179 2848 620 2899; x_wconf 87' lang='lat' dir='ltr'>Berolinensis</span> <span class='ocrx_word' id='word_1_289' title='bbox 650 2850 769 2914; x_wconf 86' lang='lat' dir='ltr'>(Lat.</span> <span class='ocrx_word' id='word_1_290' title='bbox 799 2847 975 2915; x_wconf 79' lang='lat' dir='ltr'>sol.25)</span> <span class='ocrx_word' id='word_1_291' title='bbox 1006 2864 1118 2898; x_wconf 88' lang='lat' dir='ltr'>cum</span> <span class='ocrx_word' id='word_1_292' title='bbox 1148 2848 1306 2913; x_wconf 84' lang='lat' dir='ltr'>glossa</span> <span class='ocrx_word' id='word_1_293' title='bbox 1334 2848 1648 2914; x_wconf 87' lang='lat' dir='ltr'>amplissima.</span> 
     </span>
    </p>
   </div>
  </div>
 </body>
</html>
