1982 3230
787 87 974 129 LIBER
1004 87 1046 129 v
1611 85 1714 137 149

102 228 256 278 futuri
281 239 636 279 NEGOTIALIS
667 239 976 288 QVALITAS.
1038 230 1088 279 in
1118 235 1327 293 utraque
1353 229 1473 278 iuris
1506 230 1712 278 assertio

102 305 190 349 est.
266 300 316 348 in
342 296 602 348 iuridiciali
627 306 860 355 naturae,
890 300 939 348 in
967 298 1197 363 negotiali
1232 299 1356 363 legis
1393 306 1477 349 aut
1503 313 1712 349 consue-

99 369 285 419 tudinis
311 374 494 418 asserta
530 375 810 418 uersantur.
849 379 852 382 ·
885 369 1171 420 iuridicialis
1208 376 1372 419 autem
1399 370 1635 420 diuiditur
1659 370 1711 419 in
1746 398 1749 401 Δ

100 439 373 490 absolutam
399 445 448 489 et
472 441 845 504 assumptiuam.
919 451 1228 491 ABSOLVTA
1265 446 1339 490 est
1364 456 1491 504 quae
1526 440 1712 490 sactum

56 511 261 574 sipsum
305 510 380 559 sui
423 516 599 559 natura
645 517 692 560 et
732 512 840 560 iure
881 510 1114 560 defendit.
1189 522 1559 561 ASSVMPTIVA
1587 526 1714 575 quae

100 595 214 630 cum
249 582 300 630 in
337 579 464 629 facto
490 581 598 645 ipso
634 580 756 630 nihil
784 579 1043 645 probabile
1081 583 1360 646 repperiat,
1402 581 1626 644 confugit
1651 581 1712 630 ad

27 657 32 665 '
98 652 254 715 ipsam
290 665 486 700 causam
525 666 732 715 eamque
767 653 944 701 iustam
976 647 1049 720 [ut
1074 651 1237 701 facere
1264 651 1489 716 deberet]
1519 651 1711 715 allegat,

96 726 150 770 ut
175 735 287 770 cum
313 720 428 770 Milo
456 737 553 770 non
582 727 740 786 potest
768 722 933 771 dicere
958 721 1209 771 hominem
1247 721 1444 772 licuisse
1469 721 1710 786 iugulare,
1731 724 1814 763 147
1830 723 1867 763 G

97 806 295 841 causam
332 792 588 842 occidendi
613 794 820 842 astruxit
857 791 1098 857 insidias>
1125 792 1399 842 Clodianas.
1476 792 1612 843 illinc
1636 807 1714 841 as-

34 877 76 910 10
99 862 375 926 sumptiuae
400 877 583 912 nomen
610 866 814 928 accepit,
842 864 955 927 quia
982 879 1093 912 cum
1121 862 1345 913 absolute
1372 864 1557 912 factum
1583 863 1714 912 tueri

95 947 197 982 non
222 936 393 997 possit,
423 933 645 998 confugit
670 934 730 983 ad
758 949 947 983 causas.

236 1003 370 1053 Haec
405 1004 554 1067 igitur
580 1006 880 1068 assumptiua
920 1012 1084 1068 partes
1111 1005 1261 1055 habet
1287 1013 1545 1069 quattuor:
1582 1004 1710 1055 rela-

95 1075 280 1123 tionem
317 1078 643 1123 remotionem
681 1076 1100 1139 comparationem
1146 1078 1534 1126 concessionem.
1610 1087 1710 1125 RE-
1741 1077 1826 1118 455

96 1154 275 1194 LATIO
304 1151 378 1193 est
413 1160 526 1194 cum
553 1145 613 1194 de
652 1145 781 1195 facto
809 1145 1065 1195 confessus
1104 1146 1299 1211 culpam
1325 1148 1376 1196 in
1403 1162 1533 1202 eum,
1562 1161 1712 1210 quem

33 1228 75 1261 15
97 1213 332 1278 perculit,
369 1215 523 1265 refert
558 1222 612 1264 ut
645 1216 695 1264 in
723 1215 944 1265 Clodium
981 1215 1121 1272 Milo,
1162 1215 1362 1266 Orestes
1396 1219 1445 1265 in
1483 1223 1710 1274 matrem,

95 1285 327 1334 Horatius
351 1287 400 1334 in
427 1300 666 1343 sororem,
695 1287 781 1349 qui
806 1286 990 1335 idcirco
1018 1303 1043 1335 a
1071 1303 1123 1336 se
1149 1286 1403 1352 perhibuit
1427 1286 1710 1351 iugulatam,

98 1356 211 1419 quia
248 1357 353 1404 eius
378 1363 681 1420 prouocatus
719 1358 897 1405 iniuria
937 1359 988 1405 in
1016 1358 1204 1407 facinus
1231 1359 1293 1406 sit
1319 1366 1534 1408 coactus
1610 1370 1709 1407 RE·
1739 1367 1824 1407 456

95 1436 280 1476 ΜΟΤΙΟ
316 1432 391 1475 est
417 1441 528 1475 cum
566 1425 813 1476 obiectum
852 1429 1040 1477 crimen
1077 1429 1127 1477 in
1154 1427 1365 1478 alterum
1392 1429 1472 1478 uel
1501 1430 1550 1477 in
1578 1428 1710 1479 aliud

94 1495 156 1545 ab
184 1512 258 1553 eo,
297 1498 381 1561 qui
406 1496 707 1561 percellitur,
735 1505 1040 1548 remouetur.
1115 1500 1167 1548 in
1203 1499 1352 1549 alium
1390 1508 1444 1548 ut
1479 1499 1712 1550 Tiberius

29 1579 73 1614 20
95 1566 348 1616 Gracchus
373 1568 423 1616 in
448 1567 753 1624 Mancinum,
793 1570 875 1634 qui
912 1576 1084 1618 auctor
1110 1569 1321 1619 faciendi
1357 1570 1576 1620 foederis
1601 1571 1708 1627 fuit,

95 1637 227 1702 quod
256 1643 354 1686 tam
382 1645 580 1688 senatus
606 1654 751 1703 quam
779 1638 994 1703 populus
1021 1640 1325 1704 inprobarat.
1402 1643 1520 1690 item
1547 1642 1599 1689 in
1624 1639 1712 1690 tali

95 1722 241 1758 causa
275 1707 484 1772 ‘legatus
508 1710 601 1757 nisi
626 1711 751 1757 intra
779 1710 974 1772 triginta
1004 1710 1107 1760 dies
1135 1711 1387 1774 profectus
1413 1713 1522 1766 erit,
1551 1712 1710 1775 capite

94 1780 344 1843 puniatur.
420 1787 652 1844 quaestor
685 1787 935 1843 sumptum
970 1780 1131 1843 legato
1158 1796 1259 1830 non
1287 1781 1435 1832 dedit.
1510 1790 1710 1846 tempus

97 1863 352 1899 emensum
381 1857 469 1899 est.
531 1856 787 1899 accusatus
815 1857 986 1900 contra
1015 1851 1131 1900 dicit
1157 1858 1206 1900 et
1241 1853 1432 1902 crimen
1459 1851 1711 1901 obiectum

28 1932 74 1987 Ι115
97 1926 322 1970 remouet
363 1921 415 1968 in
461 1924 820 1984 quaestorem'.
895 1923 944 1970 in
989 1921 1118 1971 aliud
1168 1929 1332 1972 autem
1377 1930 1627 1978 remouet,
1670 1925 1711 1972 si

95 1989 271 2039 morbo
308 1991 528 2040 tardatus
562 1993 612 2040 in
658 1991 984 2041 infortunium
1022 2008 1167 2042 suum
1213 2009 1411 2042 causam
1454 2000 1712 2043 remoueat

96 2061 351 2110 tarditatis.
374 2064 682 2111 'remouetur
709 2078 831 2111 uero
858 2069 942 2111 aut
967 2064 1126 2126 ipsum
1148 2063 1331 2113 factum
1359 2066 1400 2112 si
1421 2065 1480 2113 ad
1510 2063 1710 2114 alterius

95 2132 347 2180 attinuisse
375 2132 555 2181 dicitur
582 2139 898 2197 potestatem,
928 2141 1010 2182 aut
1042 2150 1188 2184 causa
1216 2150 1325 2184 cum
1364 2134 1566 2184 alterius
1592 2136 1708 2184 uitio

96 2202 210 2266 quid
258 2202 491 2252 accidisse
535 2203 744 2252 dicatur.
820 2214 1198 2255 COMPARATIO
1237 2212 1333 2262 est,
1372 2221 1519 2270 quam
1565 2217 1709 2256 COM·
1740 2208 1823 2247 45⁷

212 2361 234 2400 1
267 2359 410 2400 futuri
440 2373 550 2402 uero
582 2360 605 2401 b
644 2357 663 2416 Η
703 2361 749 2400 in
779 2365 973 2413 utroque
1006 2362 1030 2401 b
1070 2358 1088 2415 Ι]
1130 2362 1302 2402 asertio
1325 2363 1365 2401 D
1405 2359 1423 2415 ΙΙ
1463 2364 1488 2402 3
1521 2362 1568 2400 in
1600 2362 1710 2401 iuri-

97 2415 280 2457 dicialis
310 2415 370 2456 B¹
408 2414 429 2471 Ι]
476 2420 502 2458 6
533 2419 732 2471 recipiat
754 2419 794 2458 D
841 2414 862 2471 Π
912 2420 935 2458 7
969 2419 1090 2458 iuste
1112 2417 1171 2457 B¹
1203 2419 1424 2458 iniustam
1446 2418 1486 2457 D
1525 2414 1544 2470 Ι]
1583 2421 1712 2457 ut—

97 2472 289 2514 deberet
319 2475 458 2514 delent·
503 2470 521 2527 Η
570 2474 596 2514 8
627 2478 784 2526 posset
813 2475 1009 2515 Halmius
1056 2471 1075 2527 [1
1124 2476 1150 2514 9
1180 2474 1277 2514 illic
1300 2473 1399 2514 B¹R
1448 2471 1467 2527 Η
1518 2476 1570 2514 14
1604 2487 1712 2515 con-

97 2529 249 2570 fessus
283 2529 463 2583 culpam
501 2530 550 2569 in
588 2542 689 2569 eum
736 2543 867 2582 quem
906 2530 1104 2583 perculit
1140 2532 1299 2583 scripsi
1337 2531 1550 2570 confesso
1583 2529 1711 2581 (con-

98 2585 242 2627 fessio
273 2586 333 2638 Β)
377 2586 558 2638 culpam
599 2587 646 2625 in
686 2599 787 2626 eum
820 2586 897 2638 qui
927 2586 1116 2639 pertulit
1150 2586 1411 2639 (pertulerit
1441 2586 1520 2639 B1)
1555 2586 1637 2627 BR
1675 2589 1694 2614 Η
1750 2628 1757 2633 ,

101 2644 154 2683 15
191 2642 365 2682 oratius
395 2643 433 2682 R.
481 2639 499 2695 ll
552 2643 603 2681 18
643 2642 786 2682 alium
816 2643 1008 2682 Halmius
1063 2639 1082 2695 Η
1139 2643 1265 2683 aliud
1302 2643 1448 2683 habes
1481 2644 1560 2694 qui
1589 2644 1628 2683 R
1673 2640 1693 2696 Η

100 2699 154 2738 22
184 2699 474 2751 profecturus
491 2697 548 2738 B¹
590 2695 609 2752 Η
649 2700 702 2738 26
733 2698 944 2739 tardatus
965 2698 1007 2738 B
1038 2698 1191 2754 tardus
1216 2700 1253 2739 R
1290 2696 1310 2752 l}
1351 2700 1404 2739 ‘28
1436 2711 1578 2739 causa
1609 2711 1711 2739 cum

102 2753 292 2795 alterius
338 2755 453 2796 uitio
493 2755 602 2807 quid
646 2755 793 2794 accid.
828 2756 971 2794 Halm.
1020 2767 1207 2795 causam
1248 2756 1441 2795 alterius
1478 2756 1593 2796 uitio
1627 2756 1713 2806 (ui-

100 2809 212 2862 tioq;
234 2810 294 2863 B)
329 2812 407 2863 qui
430 2811 659 2852 accidisse
682 2811 763 2852 BR
796 2824 941 2851 causa
965 2811 1156 2851 alterius
1178 2812 1285 2851 uitii
1308 2825 1335 2862 q
1370 2812 1597 2852 accidisse
1621 2811 1645 2853 b
1674 2810 1694 2866 Η

102 2867 156 2906 29
187 2868 556 2920 compensionem
579 2869 616 2908 R
654 2865 674 2921 Η
