1982 3230
701 96 890 140 LIBER
917 97 1013 139 IIII
1570 97 1671 148 111

66 240 177 291 dem
203 254 357 290 nemo·
382 239 579 289 homine
616 237 711 288 alio
747 240 904 304 magis
929 239 1078 289 homo
1114 245 1188 289 est
1213 246 1261 289 et
1286 254 1378 289 nec
1413 239 1517 306 ipse
1543 254 1672 290 unus

64 311 214 361 homo
233 307 388 375 magis
413 324 523 359 cras
550 311 642 359 erit
667 308 815 359 homo
844 325 988 374 quam
1010 310 1159 360 hodie
1186 309 1292 366 fuit,
1321 311 1440 360 etin
1462 311 1671 360 diuersis

63 396 162 431 non
188 382 342 447 magis
368 395 522 445 equus
549 394 703 444 equus
731 388 804 430 est
823 395 968 446 quam
995 381 1144 430 homo
1171 381 1335 431 homo.
1383 381 1481 431 hoc
1506 387 1670 431 autem

63 451 423 503 obseruandum
452 456 526 500 est
551 451 601 499 in
629 450 1001 517 sub->stantiiS,
1030 452 1160 501 inter
1186 458 1444 501 consortes
1470 467 1584 502 suas
1619 453 1668 502 id

20 540 44 573 5
64 530 140 574 est
158 531 210 573 ut
226 523 436 588 primam
455 522 646 586 primae
668 536 924 586 conpareS,
953 521 1221 572 secundam
1248 523 1513 591 secundae.
1554 539 1668 573 nam

62 594 103 643 si
126 593 392 643 secundam
420 593 608 656 primae
637 607 909 658 compareS,
938 593 1093 657 magis
1114 591 1385 642 substantia
1415 599 1489 643 est
1510 596 1669 657 prima

59 678 205 731 quam
252 663 483 713 secunda.
575 664 735 727 prima
773 664 902 713 enim
950 678 1058 712 rem
1119 665 1274 728 magis
1311 663 1552 721 declarat,
1593 680 1668 714 se-

59 734 215 784 cunda
243 749 365 783 uero
391 733 540 783 habet
566 734 814 799 quandam
844 734 1248 783 communionum
1278 734 1667 799 ambiguitatem.

3 846 6 850 .
56 820 168 856 nam
209 820 323 854 cum
361 805 471 854 dico
510 804 753 867 Cicero,
801 806 897 855 iam
933 805 1168 870 quiddam
1213 806 1522 856 indiuiduum
1560 821 1666 855 cer-

0 880 256 940 totumque
277 876 522 940 significo:
552 891 663 924 cum
685 876 794 925 dico
823 875 1022 933 hom0‚
1051 877 1284 942 quoniam
1313 878 1476 926 cuncti
1499 892 1668 927 sumus

55 945 169 996 huic
204 946 518 1011 appellationi
554 946 762 1002 subditi,
801 949 1045 996 incertum
1084 954 1157 996 est
1192 963 1338 1013 quem
1376 949 1666 1012 significem.

55 1017 119 1066 ita
147 1032 265 1081 ergo
299 1018 352 1066 fit
377 1022 431 1067 ut
466 1019 621 1081 magis
660 1019 722 1067 sit
757 1017 1025 1067 substantia
1061 1020 1222 1083 prima
1251 1033 1396 1082 quam
1434 1019 1664 1075 secunda,

54 1088 166 1153 quia
193 1103 298 1136 rem
326 1089 508 1137 certius
534 1086 760 1137 ostendit.
837 1090 1032 1151 magis
1071 1104 1190 1153 ergo
1229 1095 1275 1138 et
1311 1090 1509 1140 minus
1548 1090 1664 1139 sub-
1696 1101 1779 1142 366

55 1159 232 1207 stantia
258 1173 357 1207 non
385 1160 558 1222 recipit
591 1160 717 1208 inter
745 1165 1003 1209 consortes
1029 1174 1158 1209 suas.
1235 1161 1351 1209 item
1390 1161 1663 1210 substantia

0 1242 32 1276 15
55 1230 354 1278 contrarium
392 1229 510 1277 nihil
537 1228 699 1278 habet.
776 1245 888 1278 nam
918 1229 1038 1278 nihil
1065 1230 1253 1279 homini
1281 1237 1365 1279 aut
1393 1247 1519 1296 equo
1547 1247 1663 1281 con—

54 1300 274 1349 trarium.
339 1300 423 1349 sed
450 1301 491 1347 si
517 1301 625 1364 quis
654 1300 835 1350 dixerit
861 1300 1083 1350 Clodium
1112 1302 1339 1351 Ciceroni
1365 1303 1517 1352 fuisse
1546 1318 1661 1352 con-
1686 1313 1817 1356 1086

53 1371 281 1426 trarium‚
309 1369 549 1433 intellegit
575 1385 675 1419 non
713 1372 846 1436 ipsas
872 1371 1172 1421 substantias
1200 1373 1350 1422 fuisse
1390 1375 1665 1423 contrarias

50 1439 135 1490 sed
176 1440 461 1504 qualitates,
503 1456 628 1506 quae
667 1443 718 1490 in
756 1443 876 1506 ipsis
917 1449 1057 1491 erant
1093 1450 1148 1492 ut
1185 1443 1418 1493 malitiam
1458 1444 1665 1494 bonitati

18 1535 22 1539 ·
50 1516 134 1561 aut
158 1513 330 1560 uitium
356 1513 527 1561 uirtuti
556 1518 638 1560 aut
663 1513 949 1562 iniustitiam
978 1515 1205 1563 iustitiae.
1271 1515 1471 1565 uidetur
1498 1522 1661 1566 autem

0 1595 27 1629 lo
49 1580 348 1631 substantiae
374 1585 632 1647 proprium
659 1584 789 1648 quod
828 1599 923 1633 una
954 1585 1226 1650 eademque
1265 1601 1417 1650 capax
1445 1593 1519 1635 est
1544 1602 1660 1636 con-

50 1653 313 1702 trariorum
345 1655 552 1717 quadam
582 1656 657 1702 sui
684 1657 1074 1718 permutatione,
1116 1664 1171 1704 ut
1197 1656 1248 1705 la
1267 1659 1361 1720 pis
1391 1673 1501 1706 cum
1530 1658 1661 1707 idem

48 1724 124 1780 sit,
151 1729 312 1787 potest
349 1739 479 1773 nunc
507 1723 647 1773 albus
687 1741 793 1774 esse
821 1741 953 1775 nunc
980 1728 1137 1790 niger,
1178 1727 1308 1776 idem
1335 1735 1500 1777 tamen
1538 1728 1661 1794 lapis

6 1806 13 1818 ‘¹
48 1807 154 1843 esse
193 1810 292 1843 non
319 1794 520 1849 desinit,
551 1802 598 1844 et
626 1795 848 1845 Cicero
875 1798 1037 1861 primo
1067 1797 1244 1846 stultus
1269 1805 1440 1862 postea
1468 1801 1661 1864 sapiens

46 1863 176 1912 idem
203 1871 366 1913 tamen
395 1864 566 1914 Cicero
595 1881 701 1915 esse
728 1881 826 1914 non
856 1866 1051 1917 desinit.

5 1945 24 1979 5
189 1946 566 1995 QVALITATEM
588 1951 693 1985 esse
721 1937 945 1995 diximUS,
974 1939 1245 1988 secundum
1275 1955 1420 2004 quam
1450 1940 1659 1990 dicimur
1690 1947 1772 2019 39⁷

37 2001 277 2069 quales.
319 2004 602 2070 qualitatum
624 2007 781 2056 forma
802 2024 897 2058 una
928 2015 1016 2066 est,
1044 2010 1094 2057 in
1117 2026 1210 2074 qua
1234 2011 1487 2074 dispositio
1508 2027 1656 2077 quae-

46 2074 159 2124 dam
199 2084 248 2125 et
282 2075 478 2125 habitus
516 2079 693 2126 mentis
733 2094 839 2128 esse
879 2080 1202 2144 intellegitur,
1242 2088 1297 2130 ut
1333 2083 1383 2130 in
1423 2082 1657 2132 omnibus

44 2147 292 2211 perceptis
320 2146 520 2203 artibus,
560 2150 797 2213 sapientia
827 2152 1146 2214 grammatica
1176 2151 1422 2202 rhetorica
1451 2155 1653 2203 ceteris-

43 2231 138 2282 que
164 2232 288 2282 quae
314 2218 376 2266 ita
404 2218 612 2268 haerent
639 2222 802 2269 animo
832 2227 887 2270 ut
913 2222 1111 2271 difficile
1139 2225 1294 2272 amitti
1320 2226 1524 2288 possint.
1565 2225 1652 2274 sed
1717 2230 1722 2234 ’

0 2287 92 2335 ¹›in
132 2287 209 2336 his
245 2287 404 2351 aliqua
442 2290 659 2354 perfecta
695 2298 826 2349 sunt,
869 2291 1028 2358 aliqua
1070 2295 1357 2357 inperfecta.
1436 2301 1490 2344 ut
1528 2297 1655 2360 siqui

20 2359 390 2422 ¹grammaticae
426 2361 518 2408 arti
554 2376 756 2425 operam
785 2363 975 2413 dederit
1011 2366 1059 2412 in
1098 2364 1347 2429 plerisque
1375 2371 1538 2414 tamen
1567 2365 1653 2414 fal-

41 2426 193 2485 latur,
235 2430 452 2478 nondum
493 2437 654 2494 potest
691 2433 785 2482 dici
825 2446 1079 2484 HABITVS
1123 2435 1208 2484 sed
1249 2442 1436 2485 tantum
1475 2438 1654 2486 dicitur

41 2567 379 2576 ——————

119 2696 121 2698 -
150 2665 179 2710 ’3
209 2681 316 2709 ecus
348 2681 459 2721 equs
481 2671 521 2711 D
559 2667 577 2725 ΙΙ
625 2672 652 2711 4
682 2671 1044 2714 obsseruandum
1070 2674 1111 2714 D
1157 2671 1176 2727 ΙΙ
1235 2676 1260 2716 8
1292 2676 1651 2717 communionem

43 2723 391 2779 ambiguitatum
431 2726 513 2768 BR
550 2741 663 2768 corr.
699 2742 731 2780 p
782 2725 790 2782 Ι
853 2731 904 2770 17
945 2729 1181 2783 intellegit
1219 2730 1261 2770 B
1306 2731 1556 2786 intellegat
1586 2733 1651 2774 bR

57 2773 79 2832 ΙΙ
131 2780 183 2820 21
219 2784 615 2835 super-mutatione
647 2783 747 2825 B’R
806 2780 814 2839 Ι
861 2787 915 2827 25
946 2786 1058 2827 item
1081 2786 1136 2826 de
1159 2787 1387 2839 qualitate
1410 2795 1508 2830 ante
1538 2801 1649 2842 qua-

38 2833 221 2877 litatem
240 2839 340 2879 add.
358 2838 440 2880 BR
477 2837 498 2894 ss
536 2840 728 2882 dicimus
751 2840 884 2894 quale
917 2846 988 2883 est
1017 2856 1042 2882 r
1079 2839 1099 2896 Η
1137 2845 1191 2883 27
1213 2850 1256 2884 et
1275 2846 1328 2885 32
1352 2845 1505 2886 abitus
1525 2846 1564 2887 R
1611 2843 1631 2901 Η

39 2891 94 2933 28
124 2892 358 2936 rethorica
379 2895 419 2935 B
459 2893 477 2951 ΙΙ
516 2898 570 2938 30
601 2898 638 2938 si
671 2898 771 2951 quis
792 2912 821 2951 p
869 2895 890 2953 Η
938 2901 991 2941 32
1022 2903 1200 2940 tantum
1221 2901 1245 2941 b
1267 2904 1424 2942 tamen
1445 2901 1528 2943 BR
1573 2899 1593 2957 ΙΙ
