1982 3230
59 43 156 115 Μ’
223 52 234 61 ”
745 86 934 129 LmER
961 85 1058 128 1111
1610 81 1709 136 101

12 209 43 255 ”³
106 246 214 282 eam
251 229 563 296 palliatorum
595 227 808 294 populus
835 234 882 279 et
909 229 1086 280 Graiae
1120 228 1390 278 iuuentutis
1428 225 1601 277 electio
1628 241 1705 277 se-

106 301 362 370 quebatur,
388 300 700 365 prudentiam
728 299 940 350 feminae
965 300 1317 364 ingeniumque
1344 299 1534 348 mirata.
1590 297 1707 363 Iup-

107 374 233 438 piter
268 377 427 423 autem
459 369 731 420 iudicandis
766 370 1127 435 implendisque
1163 369 1428 419 uirtutibus
1454 374 1706 434 posteram

105 442 353 495 Romuleis
387 440 647 492 uirtutibus
674 442 869 492 Graiam
905 442 1167 490 aestimans
1200 439 1450 490 leuitatem
1477 438 1709 505 quicquid

61 531 84 564 5
107 519 272 564 nosset
302 511 382 563 illa
418 513 598 562 Latiari
634 526 864 576 promere
898 513 1151 576 praecepit
1190 510 1434 561 facultate.
1511 526 1568 560 ac
1592 525 1707 559 mox

107 583 364 635 Dialectica
398 598 694 648 quamquam
732 598 905 647 parum
956 580 1141 648 digne)
1175 581 1344 630 Latine
1380 580 1516 644 loqui
1563 596 1708 644 posse

30 667 33 670 ⁴
105 655 414 711 crederetur,
453 660 618 702 tamen
656 655 962 717 promptiore
999 652 1176 702 fiducia
1215 653 1551 717 restrictisque
1590 666 1706 716 qua-

104 725 214 776 dam
241 725 439 775 obtutus
475 724 751 774 uibratione
789 723 1056 774 luminibus
1095 725 1241 773 etiam
1278 728 1389 773 ante
1424 722 1580 772 uerba
1606 722 1707 770 for-

102 795 344 846 midabilis
370 797 440 845 sic
467 810 640 845 exorsa

19 897 82 935 «10
243 880 331 930 ‘Ni
355 880 588 930 Varronis
613 881 710 929 mei
736 882 863 930 inter
884 880 1103 929 Latiares
1131 879 1308 944 glorias
1335 877 1570 928 celebrati
1591 877 1709 926 mihi

103 951 313 1001 eruditio
346 951 683 1016 industriaque
718 957 1027 1016 suppeteret,
1068 966 1263 1015 possem
1292 951 1473 999 femina
1501 948 1710 998 Doricae

102 1024 310 1072 nationis
336 1022 465 1088 apud
484 1022 752 1072 Romuleae
778 1023 915 1071 uocis
942 1022 1164 1071 examina
1186 1027 1268 1071 aut
1286 1020 1553 1069 admodum
1572 1018 1711 1069 rudis

103 1100 187 1143 aut
211 1094 326 1142 satis
363 1092 574 1142 barbara
602 1093 862 1157 repperiri.
917 1094 1100 1157 quippe
1127 1098 1240 1157 post
1258 1090 1477 1141 Platonis
1503 1105 1711 1140 aureum

101 1162 286 1213 flumen
333 1170 478 1229 atque
531 1163 890 1214 Aristotelicam
939 1162 1220 1212 facultatem
1278 1163 1429 1211 Marci
1485 1161 1712 1211 Terentii

39 1250 81 1284 15
103 1235 264 1299 prima
298 1249 376 1283 me
413 1235 462 1283 in
487 1234 707 1284 Latinam
747 1250 921 1283 uocem
956 1230 1156 1298 pellexit
1192 1232 1434 1282 industria
1473 1247 1530 1281 ac
1575 1230 1712 1280 fandi

103 1304 472 1368 possibilitatem
495 1320 586 1368 per
612 1303 805 1354 scholas
825 1304 1062 1353 Ausonias
1090 1304 1410 1369 comparauit.
1461 1303 1539 1351 his
1563 1303 1711 1366 igitur

97 1376 375 1440 'praeceptis
413 1390 589 1439 parere
627 1374 894 1424 colluctans
943 1389 1036 1424 nec
1074 1375 1220 1425 Graia
1259 1374 1485 1424 deseram
1536 1373 1710 1422 ordine

101 1445 372 1496 disserendi
408 1461 500 1495 nec
527 1446 787 1495 Laurentis
824 1446 1106 1495 assertionis
1146 1444 1371 1495 effamina
1399 1444 1709 1494 remorabor.

101 1531 158 1566 ac
183 1517 321 1581 prius
347 1516 466 1566 illud
493 1524 803 1582 compertum
829 1516 943 1566 uolo
971 1517 1090 1566 mihi
1116 1517 1368 1566 Romanos
1394 1522 1710 1581 togatamque

36 1601 79 1636 πο
101 1593 297 1651 gentem
338 1587 632 1637 uocabulum
670 1588 890 1637 nondum
928 1603 1115 1637 nouare
1152 1589 1372 1652 potuisse
1399 1602 1456 1636 ac
1482 1585 1708 1636 Dialecti-

102 1673 209 1714 cen,
249 1658 375 1707 sicut
399 1658 602 1709 Athenis
629 1674 738 1708 sum
764 1658 918 1715 solita,
958 1659 1234 1723 nuncupari
1268 1659 1466 1722 meique
1502 1673 1710 1722 prorsus

102 1730 219 1778 iuris
246 1744 354 1778 esse
382 1730 610 1795 quicquid
637 1735 766 1779 artes
794 1735 987 1778 ceterae
1014 1727 1353 1792 prolocuntur.
1404 1743 1521 1777 nam
1546 1742 1709 1792 neque

100 1801 255 1862 ipsam
285 1814 430 1863 quam
457 1815 601 1849 aures
626 1805 821 1849 uestrae
839 1799 1124 1863 probauere
1145 1799 1523 1849 Grammaticam
1548 1814 1709 1863 neque

103 1867 307 1918 alteram
347 1871 496 1933 opimi
533 1871 632 1920 oris
667 1869 949 1934 praecluem
986 1869 1213 1919 facultate
1250 1870 1327 1920 uel
1366 1869 1500 1919 illam
1526 1868 1709 1919 forma-

34 1955 80 1987 25
104 1955 215 1989 rum
242 1940 436 1990 diuersa
474 1941 612 1990 radio
639 1957 696 1990 ac
730 1940 936 2005 puluere
974 1940 1226 1990 liniantem
1265 1943 1369 1990 sine
1408 1941 1530 1989 meis
1564 1955 1710 2004 posse

103 2010 375 2060 rationibus
413 2010 645 2075 explicari
681 2013 788 2077 quis
823 2011 1046 2061 dubitet?
1098 2012 1277 2076 quippe
1304 2012 1353 2060 in
1382 2011 1574 2060 dicione
1600 2026 1709 2060 mea

104 2082 307 2146 iureque
330 2083 602 2132 consistunt
620 2098 706 2132 sex
725 2097 945 2139 normae,
973 2083 1081 2148 quis
1103 2088 1327 2131 constant
1346 2089 1541 2132 ceterae
1562 2081 1708 2132 disci-

104 2150 282 2216 plinae.
357 2167 471 2201 nam
508 2155 668 2218 prima
707 2159 780 2202 est
817 2153 878 2202 de
914 2153 1191 2218 loquendo,
1241 2153 1458 2203 secunda
1498 2153 1558 2202 de
1607 2152 1706 2204 elo-

103 2223 315 2287 quendo,
352 2223 492 2273 tertia
533 2223 593 2273 de
629 2223 985 2288 proloquendo,
1027 2230 1198 2289 quarta
1235 2224 1296 2273 de
1333 2223 1709 2290 proloquiorum

40 2304 83 2340 ³0
105 2307 320 2350 summa,
360 2295 527 2357 quinta
555 2294 616 2345 de
655 2295 916 2344 iudicando
944 2311 1068 2360 quae
1093 2296 1309 2359 pertinet
1344 2295 1404 2344 ad
1445 2295 1709 2344 iudicatio—

105 2378 220 2414 nem
254 2370 511 2428 poetarum
538 2371 586 2415 et
612 2367 901 2424 carminum,
942 2371 1075 2416 sexta
1104 2381 1228 2431 quae
1254 2366 1460 2415 dicenda
1497 2365 1708 2414 rhetori-

104 2433 197 2484 bus
222 2435 530 2485 commodata
557 2442 644 2485 est.
695 2437 746 2485 in
771 2437 930 2500 prima
956 2443 1117 2486 autem
1144 2443 1283 2500 parte
1310 2437 1563 2501 quaeritur
1592 2435 1707 2501 quid

136 2647 140 2651 ·
221 2633 273 2673 10
311 2631 572 2673 laciaresR
614 2629 635 2685 Π
683 2634 734 2672 12
777 2633 1046 2674 exanimaR
1091 2629 1111 2686 Η
1150 2632 1418 2674 ΞωοᾱιιωΒ
1463 2629 1483 2686 ΙΙ
1532 2633 1586 2672 14
1623 2635 1711 2674 ter-

106 2689 244 2729 rentii
273 2689 310 2729 R
356 2685 377 2743 Η
435 2690 487 2729 16
526 2689 679 2729 scolas
708 2688 789 2730 BR
842 2686 865 2743 Π
919 2689 990 2729 his
1083 2689 1192 2730 hinc
1222 2689 1303 2729 BR
1349 2685 1368 2743 11
1415 2690 1466 2729 21
1507 2701 1713 2741 prorsum

107 2742 207 2785 B¹R
244 2741 264 2799 ΙΙ
302 2746 357 2785 24
386 2746 607 2798 opinioris
629 2746 666 2786 R
696 2745 928 2798 opinionis
948 2759 973 2784 r
1009 2742 1015 2799 Ι
1075 2745 1310 2786 iraecluen
1330 2745 1373 2786 B
1393 2745 1615 2786 iraeduen
1635 2747 1714 2787 ad-

109 2800 199 2840 dita
217 2812 239 2841 s
259 2801 297 2841 R
317 2815 430 2843 corr.
454 2802 667 2843 Meursius
695 2797 714 2855 Η
752 2801 934 2842 illarum
955 2801 997 2841 B
1017 2800 1039 2842 l
1058 2801 1187 2843 illam
1207 2803 1230 2843 b
1268 2798 1288 2856 ΙΙ
1317 2803 1372 2843 25
1402 2801 1596 2843 liniante
1618 2803 1657 2843 R
1675 2801 1696 2857 ΙΙ

109 2856 162 2897 31
192 2856 455 2899 rethoribus
474 2859 511 2899 R
558 2855 578 2912 [l

1739 525 1824 567 334

1743 887 1826 930 335

1742 1312 1826 1353 336

1742 1452 1856 1493 976

1741 1745 1824 1786 337

1741 2027 1826 2069 338

1739 2443 1822 2483 339
