1982 3230
752 99 938 157 121ssssss
967 85 1016 141 11
1205 64 1211 71 ⁴
1301 84 1315 91 ’“
1614 96 1680 151 41

4 195 263 310 {quippe
288 242 499 295 caducae
533 241 851 308 mortalisque
885 241 1186 292 substantiae
1219 242 1369 292 istaec
1413 255 1521 292 esse
1567 240 1684 308 [ms-

4 304 34 327 ³
77 313 236 381 nima]
265 311 583 364 memorabat.
650 327 776 377 quae
811 313 1008 379 quidem
1038 314 1199 362 omnia
1227 311 1387 362 eidein
1414 318 1571 362 mater
1599 311 1683 361 ab·

79 387 274 443 straxit,
301 389 560 451 postquam
587 382 732 448 <eam
759 383 1007 433 mundana
1034 383 1394 434 transcendisse
1421 383 1578 433 studia
1603 398 1682 433 re-

14 477 20 482 ·
79 456 324 521 cognouit.
376 460 493 504 tunc
520 453 788 518 Philologia
818 470 876 504 ex
902 461 1121 504 aromate
1158 459 1451 519 praeparato
1487 469 1683 504 acerra·
1715 463 1801 504 142

6 540 55 578 ιδ
78 542 172 593 que
198 526 398 590 propria
424 524 712 575 Athanasiae
739 525 965 590 primitus
993 523 1288 589 supplicauit
1313 526 1557 590 matrique
1581 526 1685 575 eius

8 611 18 654 ‚'
76 597 282 661 gratiam
310 595 460 645 multa
487 594 705 645 litatione
731 594 992 660 persoluit,
1034 595 1164 659 quod
1199 610 1293 645 nec
1328 596 1533 645 Vedium
1571 611 1683 644 cum

20 675 29 730 ζ
52 674 232 716 ‘uxore
258 667 571 730 conspexerit
596 668 722 716 sicut
746 665 984 716 suadebat
1008 666 1231 722 Etruria,
1260 680 1352 715 nec
1389 666 1684 716 Eumenidas

77 744 126 788 et
161 735 401 787 Chaldaea
440 736 678 787 miracula
725 737 1026 791 formidarit,
1070 752 1161 786 nec
1207 738 1320 801 igne
1367 738 1547 787 usserit
1570 752 1664 787 nec

19 838 31 862 A·
74 807 271 873 lympha
306 806 549 858 subluerit
583 823 677 858 nec
713 810 903 858 animae
939 806 1253 857 simulacrum
1293 807 1401 872 Syri
1428 808 1682 857 cuiusdam

9 879 54 934 xo
76 878 303 944 dogmate
338 878 616 929 uerberarit
650 893 741 928 nec
768 878 913 928 Phasi
947 878 1077 928 senis
1111 880 1209 928 ritu
1247 877 1504 928 Charontis
1529 879 1683 928 mani-

11 945 30 1020 a]
74 947 168 999 bus
192 949 463 999 inuolutam
503 948 920 1000 immortalitatem
956 951 1128 998 mortis
1166 951 1385 1013 auspicio
1422 965 1681 1000 consecra-

14 1028 15 1033 ’
73 1020 156 1069 rit.
206 1021 395 1070 interea
425 1021 761 1070 conscendere
787 1022 918 1070 iussa
943 1020 1191 1076 lecticam,
1221 1021 1419 1084 quaein
1447 1027 1680 1083 suggestu

74 1091 288 1141 maximo
324 1091 554 1155 quoniam
589 1091 876 1147 uidebatur,
915 1089 1111 1140 difficile
1165 1091 1428 1140 admodum
1473 1091 1567 1140 sibi
1619 1106 1681 1141 ne

76 1160 235 1211 dicam
278 1159 584 1226 impossibile
632 1161 913 1226 deputabat.
983 1163 1032 1210 in
1061 1177 1207 1226 quam
1243 1177 1349 1212 rem
1377 1177 1681 1227 consequen·

12 1245 54 1279 15
76 1236 151 1282 ter
175 1231 477 1296 implendam
504 1230 755 1281 alumnum
781 1247 926 1281 suum
954 1231 1184 1282 dilectum
1209 1248 1331 1297 prae
1359 1234 1535 1282 ceteris
1566 1247 1682 1282 con·

42 1351 44 1354 Α
74 1303 288 1359 uocauit,
311 1317 407 1368 quo
427 1302 590 1351 innixa
612 1317 807 1352 omnem
830 1302 1166 1352 difficultatem
1187 1318 1396 1367 superae
1410 1305 1682 1353 consessio-

73 1373 149 1422 nis
175 1373 339 1429 euicit,
376 1388 553 1422 uerum
579 1372 772 1440 idem‚>
798 1374 883 1438 qui
907 1373 1070 1423 Labor
1097 1373 1158 1422 ab
1187 1374 1357 1423 eadem
1393 1373 1681 1431 uocabatur,

72 1456 174 1492 non
199 1442 359 1493 solum
385 1444 433 1492 in
461 1442 664 1493 lecticae
691 1442 887 1494 culmen
916 1459 1023 1494 eam
1051 1443 1243 1494 sustulit
1277 1459 1453 1494 uerum
1491 1444 1679 1495 caelum

74 1527 187 1563 cum
224 1513 421 1564 domina
456 1515 664 1579 impiger
699 1517 988 1579 permeauit.
1052 1516 1234 1580 quippe
1270 1517 1552 1566 consociato
1587 1516 1680 1565 sibi

12 1583 287 1648 aquodam
336 1599 492 1649 puero
536 1585 807 1644 renidenti,
857 1587 940 1651 qui
985 1601 1078 1635 nec
1122 1586 1430 1651 uoluptariae
1476 1586 1681 1637 Veneris

72 1653 201 1704 filius
228 1660 332 1704 erat
358 1661 404 1705 et
429 1662 590 1706 tamen
619 1659 769 1706 Amor
796 1673 822 1706 a
849 1656 1149 1720 sapientibus
1171 1657 1436 1714 ferebatur,
1467 1673 1493 1706 a
1520 1658 1681 1707 fronte

73 1723 300 1775 lecticam
337 1725 615 1776 subuehere
650 1735 1004 1777 memorantur.
1066 1742 1180 1776 nam
1215 1729 1404 1792 postica
1441 1727 1679 1792 Epimelia

75 1800 124 1846 et
147 1796 395 1861 Agrypnia
424 1796 597 1846 dilecta
624 1798 830 1861 uirginis
857 1797 1101 1847 sustulere
1127 1799 1389 1863 mancipia.
1452 1799 1522 1848 sic
1550 1800 1679 1848 enirn

71 1865 332 1915 Athanasia
368 1873 690 1931 praeceperat
725 1875 780 1918 ut
815 1875 1024 1932 uterque
1071 1883 1217 1917 sexus
1261 1884 1372 1919 cum
1409 1867 1680 1933 Philologia

0 1949 51 1983 :³5
75 1935 264 1986 caelum
291 1943 458 2000 posset
492 1938 774 1988 ascendere.
833 1938 1084 2004 praecedit
1118 1938 1229 1988 ilico
1267 1940 1679 1990 conscendentem

73 2006 323 2056 Musarum
361 2008 719 2058 concinentium
757 2024 936 2073 pompa
973 2017 1019 2059 et
1053 2010 1417 2073 praedictarum
1445 2012 1678 2061 comitum

73 2076 373 2127 uenerabilis
409 2078 684 2130 multitudo,
735 2079 987 2144 Periergia
1026 2094 1148 2130 uero
1185 2080 1291 2130 aliis
1327 2083 1559 2131 comitata
1593 2098 1678 2147 pe·

74 2146 290 2211 disequis
326 2148 666 2214 dotalibusque
728 2152 986 2215 mancipiis
1037 2152 1230 2202 curiose
1281 2154 1514 2202 uniuersa
1565 2167 1676 2217 per-

73 2226 300 2268 scrutans
361 2225 507 2284 atque
546 2221 855 2285 interrogans
881 2221 1198 2286 sequebatur.
1256 2238 1435 2272 uerum
1480 2224 1540 2273 ad
1579 2223 1679 2273 cul-

0 2299 54 2336 ιικ)
76 2289 208 2338 mina
235 2290 363 2339 arcis
390 2291 551 2340 aeriae
578 2293 834 2341 comitatus
870 2291 950 2342 ille
990 2308 1102 2342 cum
1138 2294 1329 2357 uirgine
1376 2296 1678 2359 propinqua-

72 2356 171 2408 bat.
226 2366 274 2409 et
300 2375 415 2410 ecce
441 2361 676 2412 aduenire
701 2362 862 2412 subito
899 2363 1105 2412 deorum
1139 2363 1372 2413 Pronuba
1407 2366 1676 2420 nuntiatur.

58 2435 185 2486 *ante
237 2445 382 2495 quam
435 2430 704 2482 Concordia
754 2433 899 2483 Fides
950 2433 1286 2499 Pudicitiaque
1330 2441 1677 2499 praecurrunt.

71 2513 186 2548 nam
213 2499 398 2564 Cupido
426 2516 695 2566 corporeae
722 2503 987 2568 uoluptatis
1023 2503 1136 2554 illex
1170 2505 1283 2555 licet
1320 2521 1427 2554 eam
1479 2521 1677 2570 semper

187 2670 208 2708 1
239 2670 628 2724 mortalitatisque
650 2672 687 2712 R
716 2667 735 2725 ss
762 2672 851 2713 iste
870 2673 907 2714 R
934 2669 955 2728 ss
977 2676 1160 2726 glossam
1181 2675 1342 2714 deleni:
1363 2674 1680 2716 minimanima.

40 2780 44 2781 ⁷
69 2736 163 2765 num
186 2724 323 2767 Grotii
342 2729 481 2768 codeoe
502 2741 548 2768 re
570 2741 674 2768 nera
694 2728 889 2769 habuerit
907 2730 1000 2770 iure
1021 2730 1186 2770 dubites
1213 2727 1231 2782 ΙΙ
1267 2731 1292 2770 8
1327 2730 1382 2769 ad
1403 2743 1483 2782 pro
1508 2735 1554 2771 et
1573 2730 1614 2770 B
1641 2729 1660 2784 ΙΙ

72 2779 237 2822 ealdea
257 2782 298 2822 D
330 2783 523 2824 chaldea
544 2784 585 2823 B
611 2781 630 2837 Η
666 2784 931 2825 formidauit
948 2785 1033 2825 BD
1061 2783 1080 2839 Η
1114 2787 1139 2827 9
1171 2786 1344 2838 limpha
1364 2787 1404 2826 D
1431 2784 1451 2840 ΙΙ
1487 2789 1539 2828 10
1569 2787 1676 2828 cha-

73 2836 218 2878 rantis
247 2839 288 2878 D
349 2837 356 2893 Ι
407 2842 455 2880 11
500 2841 794 2882 consecrauit
820 2839 922 2881 B¹D
970 2837 990 2895 [Ι
1048 2844 1101 2882 22
1140 2846 1373 2883 morantur
1393 2842 1494 2884 B¹R
1533 2841 1677 2896 (moli-

70 2894 208 2932 untur
222 2893 273 2946 p)
322 2891 328 2948 ἱ
388 2895 588 2950 pymelia
619 2897 660 2937 B
709 2894 727 2951 ΙΙ

1718 1019 1796 1060 143

1714 1524 1799 1565 144

1713 1737 1797 1778 145

1713 2092 1797 2132 146

1712 2375 1795 2416 14?

1711 2515 1794 2558 148

393 0 965 30 ‚mma-‘re-,wsnrvrvv-ww‹ww-
1006 0 1019 7 ‹-
1038 0 1076 11 r*
1096 0 1139 19 ‘·2
1179 0 1182 2 v
1209 0 1212 3 -
1443 0 1446 4 -
1672 0 1722 14 ,a
1824 0 1840 22 a
1911 0 1945 20 ,π

1715 1047 1832 1116 37’θ
