1982 3230
738 117 924 159 LIBER
954 117 1024 158 111
1619 109 1689 163 79

78 262 234 323 piant,
265 259 429 310 datiuo
459 264 507 308 et
532 256 751 308 ablatiuo
779 259 827 307 in
857 269 965 309 Bvs
1005 256 1199 307 cadunt.
1262 258 1426 321 itaque
1463 253 1688 305 monile

78 329 420 380 monilibus
446 335 617 392 'genu
657 327 919 393 genibus
971 342 1161 392 pecus
1198 325 1543 392 pecoribus
1580 340 1688 375 no-

77 416 210 451 men
250 398 610 449 nominibus
646 414 911 448 marmor
949 397 1388 453 marmoribus,
1417 395 1688 446 secundum

79 486 205 536 quae
243 486 350 519 uas
387 469 647 519 nasibus
686 470 850 518 facere
878 468 1046 518 debuit
1072 474 1120 517 et
1145 469 1191 516 in
1219 469 1437 530 genitiuo
1476 467 1690 516 horum

25 554 56 587 '5
78 556 313 597 nasum,
354 540 584 603 quoniam
612 554 952 604 quaecumque
980 543 1157 588 neutra
1185 537 1447 602 singularia
1476 536 1690 586 ablatiuo

77 611 117 662 E
151 611 310 660 littera
349 611 611 666 finiuntur,
651 611 923 673 genitiuum
960 607 1201 674 pluralem
1244 608 1443 657 totidem
1483 607 1688 673 syllaba-

76 697 187 732 rum
227 680 412 730 habent
456 686 576 746 quot
613 680 882 730 ablatiuum
925 678 1227 743 singularem
1272 684 1327 727 ut
1372 694 1397 728 a
1437 692 1689 726 nemore

77 767 398 802 nemorum
439 752 645 815 capite
682 752 978 815 capitum,
1020 750 1105 799 sed
1131 750 1227 799 hoc
1253 764 1436 798 nomen
1462 763 1552 813 per
1573 762 1690 796 ano-

76 822 271 872 maliam
305 821 578 871 declinatur
606 827 653 871 et
680 822 772 871 erit
798 820 1034 885 singulari
1061 821 1364 869 nominatiuo
1394 833 1526 876 uaS‚
1555 818 1689 882 geni-

12 905 57 940 ιο
77 895 180 943 tiuo
218 894 393 942 uasis
432 892 595 941 datiuo
634 893 767 941 uasi
807 890 1022 941 ablatiuo
1061 907 1087 940 a
1115 892 1272 947 nasi,
1314 889 1493 956 plurali
1527 895 1688 938 autem

76 976 284 1013 numero
320 964 390 1011 sic
428 962 755 1011 declinabitur
791 968 846 1010 ut
890 977 1156 1012 scamna.
1232 961 1490 1010 Lucretius
1527 965 1689 1009 tamen

77 1035 293 1099 genitiuo
320 1035 454 1081 uasi
479 1039 535 1082 ut
561 1034 782 1098 ‘rarique
811 1034 925 1082 facit
950 1033 1239 1082 lateramina
1265 1033 1409 1089 uasi.{
1455 1030 1498 1080 N
1524 1030 1689 1080 littera

75 1106 403 1154 terminantur
448 1102 718 1152 masculina
753 1108 809 1152 ut
845 1102 1074 1153 flamen
1114 1109 1359 1167 pecten,
1411 1100 1691 1151 communia

78 1173 271 1224 duobus
309 1173 575 1238 generibus
611 1179 665 1222 ut
702 1172 941 1222 tibicen
990 1173 1249 1229 fidicen,
1290 1173 1421 1237 quod
1460 1172 1690 1236 frequen·

14 1255 57 1288 15
79 1246 252 1295 tissimi
290 1250 516 1308 auctores
546 1259 645 1292 non
672 1243 900 1309 probant,
940 1258 1054 1293 nam
1081 1250 1129 1293 et
1163 1243 1493 1292 tibicinam
1529 1247 1577 1292 et
1615 1241 1689 1290 si-

79 1315 346 1364 dicinam
375 1314 557 1370 dicunt,
587 1315 701 1363 item
728 1319 903 1363 neutra
930 1320 983 1363 ut
1014 1329 1237 1364 nomen
1276 1312 1525 1362 flumen.
1566 1326 1692 1376 quae

78 1387 240 1436 omnia
263 1384 518 1434 manifesta
542 1384 866 1434 declinatione
886 1399 986 1433 uno
1006 1385 1153 1434 modo
1176 1383 1500 1434 declinantur.
1539 1381 1690 1431 altera

77 1457 267 1521 species
296 1461 369 1505 est
396 1457 592 1518 generis
631 1454 904 1512 masculini,
934 1471 1058 1520 quae
1083 1457 1122 1505 E
1150 1455 1363 1504 litteram
1390 1461 1502 1504 aute
1530 1459 1690 1503 extre-

76 1541 206 1576 mam
234 1526 275 1575 N
302 1532 468 1576 seruat
493 1532 547 1575 ut
583 1524 706 1576 lien
743 1527 903 1582 rien,
945 1541 1069 1591 quae
1096 1533 1260 1575 tamen
1288 1527 1392 1590 ipsa
1419 1539 1616 1589 quoque
1640 1525 1692 1572 in

15 1607 58 1640 ²⁰
81 1597 256 1647 ceteris
301 1602 356 1645 ut
400 1597 658 1660 superiora
708 1596 1032 1661 declinantur.
1121 1595 1332 1661 gluten
1382 1610 1579 1661 quoque
1617 1594 1694 1642 his

81 1665 236 1717 simile
264 1673 338 1716 est
371 1666 486 1716 licet
512 1666 767 1716 Sallustius
797 1662 1107 1731 glutinum
1146 1667 1339 1717 dixerit.
1402 1668 1520 1715 item
1554 1664 1693 1714 femi·

78 1739 191 1787 nina
218 1738 359 1803 quasi
386 1735 560 1786 similia
587 1737 836 1786 uidentur.
897 1738 989 1786 iam
1030 1753 1140 1787 ren
1181 1736 1443 1801 singularis
1469 1735 1692 1784 nomina-

77 1809 209 1858 tiuus
233 1822 326 1858 nec
351 1806 481 1856 ullus
507 1806 629 1857 alius
657 1806 870 1856 ablatiuo
897 1815 1102 1871 excepto
1138 1809 1186 1856 in
1214 1822 1303 1856 usu
1334 1814 1421 1856 est.
1484 1805 1690 1861 Graeca,

80 1894 204 1943 quae
231 1877 272 1927 N
300 1878 552 1934 finiuntur,
591 1877 947 1941 praecedentes
971 1872 1156 1927 habent
1181 1878 1369 1927 litteras
1396 1879 1434 1926 A
1459 1876 1498 1926 Ε
1524 1876 1544 1925 I
1573 1875 1613 1924 Ο
1639 1882 1694 1924 ut

15 1961 59 1996 25
81 1948 330 1999 Alcman
356 1948 602 2012 Cephen
634 1947 896 2012 delphin
916 1948 1266 2005 Phaethon,
1292 1965 1349 1998 ex
1374 1946 1693 2014 quibusquae

79 2031 159 2069 AN
195 2031 273 2068 EN
300 2030 362 2067 IN
402 2020 727 2068 terminantur
755 2018 982 2083 exemplo
1022 2021 1337 2084 superiorum
1380 2017 1690 2068 declinantur

78 2096 133 2139 ut
167 2089 404 2139 fulmen
442 2104 663 2138 numen
702 2090 965 2147 fidicen,
1005 2105 1131 2155 quae
1168 2105 1291 2140 uero
1333 2101 1411 2139 ΟΝ
1435 2089 1690 2145 finiuntur,

79 2161 120 2210 si
145 2159 388 2225 producta
415 2171 494 2209 ΟΝ
518 2158 707 2210 Graece
733 2159 1043 2210 declinantur
1068 2159 1158 2227 (ut
1181 2159 1348 2216 λέων,
1385 2160 1594 2210 eandem
1612 2157 1691 2207 lit-

78 2236 235 2280 teram
273 2235 320 2279 et
357 2229 487 2293 apud
523 2244 615 2279 nos
652 2231 933 2296 producunt
968 2236 1023 2280 ut
1070 2233 1290 2282 Cicero
1327 2231 1557 2295 Scipio.
1637 2243 1692 2278 ea

14 2313 59 2371 qo
81 2306 270 2357 autem,
307 2315 432 2364 quae
468 2317 526 2350 ex
564 2301 891 2364 productione
925 2303 1218 2352 nominatiui
1245 2316 1388 2352 casus
1415 2301 1693 2364 corripiun-

30 2405 34 2408 -
77 2376 160 2421 tur
183 2372 233 2419 in
257 2370 459 2435 reliquis
482 2371 858 2435 figurationibus
883 2379 939 2423 ut
962 2373 1270 2438 Amphion
1309 2372 1507 2422 Creon
1546 2371 1584 2418 A
1600 2384 1692 2433 ga-

194 2513 246 2553 12
278 2513 409 2553 Lacr.
439 2511 509 2552 VI
526 2489 620 2552 '233
659 2509 679 2566 Η
724 2513 1008 2554 litteramina
1030 2515 1068 2555 R
1112 2511 1132 2568 Η
1182 2515 1234 2555 18
1266 2513 1450 2566 generis
1480 2524 1558 2552 om.
1581 2510 1620 2551 R

81 2570 134 2611 19
165 2572 354 2609 seruant
383 2569 422 2609 R
461 2564 479 2622 Η
526 2570 578 2608 21
614 2568 851 2620 (salustius
872 2569 928 2622 R)
958 2571 1113 2624 fraym.
1137 2571 1233 2613 laist.
1256 2570 1371 2610 IIII
1394 2571 1421 2609 2
1443 2567 1618 2608 Dietsclz
1654 2508 1680 2621 Η

79 2625 302 2667 feminina
332 2626 369 2666 R
414 2625 598 2665 flemina.
627 2624 669 2664 B
709 2624 760 2667 al
791 2625 1015 2667 feminina
1043 2627 1067 2666 b
1116 2624 1134 2680 Η
1183 2628 1236 2666 22
1273 2627 1365 2666 iam
1392 2625 1695 2678 scripsi‘nam

80 2722 163 2766 BR
210 2721 229 2778 ΙΙ
275 2681 354 2764 red
370 2694 447 2765 reg
470 2725 507 2764 R
537 2737 614 2765 reo
626 2736 707 2764 ren
732 2725 769 2764 D
783 2688 896 2778 ¹’retgr
914 2696 1021 2765 ἒοΒ
1034 2725 1132 2774 (sed
1148 2727 1359 2778 explossa
1376 2737 1510 2777 supra
1526 2724 1694 2775 scripta

82 2785 267 2832 apparet
287 2781 553 2822 scholia-stam
575 2782 669 2821 cod.
696 2781 736 2819 B
768 2794 849 2821 ren
871 2781 1042 2835 legisse)
1085 2779 1103 2835 ΙΙ
1142 2783 1196 2822 25
1228 2781 1363 2822 cefen
1384 2779 1523 2821 delfin
1538 2778 1622 2819 BR
1656 2775 1678 2833 l}

82 2835 239 2877 foeton
259 2836 302 2876 B
331 2837 461 2878 feton
482 2838 520 2877 R
557 2833 576 2890 [l
617 2837 670 2877 28
705 2837 885 2878 Graece
918 2839 1076 2890 scripsi
1107 2850 1247 2892 greca
1269 2837 1350 2878 BR
1399 2834 1417 2891 Η
1456 2837 1508 2878 31
1541 2834 1692 2876 anfion

83 2889 167 2930 BD
215 2889 234 2946 [Ι
282 2905 569 2946 agamennon
591 2893 675 2933 BD
724 2890 744 2947 Η

1726 999 1836 1040 756

1722 1056 1807 1097 296
