1982 3230
109 5 119 30 5

0 0 76 235 ξ
679 125 763 166 DE
797 122 1124 166 CODICIBVS
1531 122 1719 164 XVIIII

0 277 18 329 ‚v
96 254 415 307 Claudianum
442 268 489 319 p.
511 250 596 318 32)
626 259 675 303 et
699 253 735 302 Ι.
757 253 810 301 Α.
834 251 1090 301 Fabricius
1119 249 1253 315 (bibl.
1282 250 1386 299 Lat.
1415 249 1480 299 III
1506 246 1612 298 214
1640 249 1716 298 ed.

0 342 5 367 ³
94 341 212 391 Ern.
252 346 299 390 et
332 338 452 388 bibl.
488 338 616 388 med.
655 342 749 386 aet.
788 337 808 385 l
846 351 892 400 p.
921 334 1040 401 330)
1080 335 1366 386 adtulerunt
1400 340 1456 384 ut
1490 335 1606 383 satis
1642 336 1719 382 ui-

96 426 271 476 deatur
317 424 479 490 quoad
514 423 621 472 fieri
658 422 838 485 possit,
890 419 1126 484 indagare
1174 436 1249 470 ex⁸
1272 436 1368 484 quo
1408 426 1631 484 tempore
1668 420 1718 466 in

96 508 276 561 scholis
301 509 527 558 Martiani
553 507 667 555 libri
693 506 917 555 adhiberi
945 506 1107 569 coepti
1136 506 1245 553 sint.

236 593 389 658 Igitur
452 594 547 642 iam
602 590 857 641 Fabricius
928 590 1062 639 hunc
1123 590 1353 653 Gregorii
1414 589 1721 638 Turonensis

93 677 255 728 locum
296 677 513 727 laudauit
550 676 691 739 (libr.
731 675 774 724 X
810 677 991 738 extr.),
1031 690 1128 739 quo
1169 679 1341 723 auctor
1379 688 1719 724 successorem

93 763 315 829 quisquis
341 763 535 812 futurus
563 768 692 818 erat,
731 759 1020 810 adhortatus
1056 765 1109 808 ut
1134 759 1316 808 librum
1344 773 1486 808 suum
1515 757 1721 822 diligen-

93 857 170 898 ter
210 853 474 898 conseruet
519 862 630 896 cum
682 844 774 894 alia
811 850 915 894 tum
951 845 1074 894 haec
1121 845 1236 893 dicit
1285 843 1523 913 ‘quodsi
1559 850 1607 892 te
1645 858 1721 892 sa-

95 932 272 982 cerdos
309 933 387 982 dei
415 933 699 996 quicunque
728 946 780 980 es
808 930 1161 979 Martianus
1198 935 1368 978 noster
1396 934 1585 993 septem
1622 927 1721 977 dis·

94 1015 286 1081 ciplinis
324 1016 505 1066 erudiit
540 1015 587 1064 id
617 1023 690 1065 est
716 1017 756 1063 si
793 1020 839 1064 te
875 1015 924 1063 in
960 1014 1293 1078 grammaticis
1329 1013 1498 1062 docuit
1536 1012 1720 1076 legere,

93 1102 146 1150 in
191 1100 457 1151 dialecticis
500 1099 875 1150 altercationum
920 1099 1284 1164 propositiones
1329 1098 1618 1158 aduertere,
1671 1099 1721 1145 in

96 1185 357 1235 rhetoricis
399 1199 582 1248 genera
629 1191 905 1235 metrorum
957 1198 1256 1248 agnoscere,
1310 1184 1360 1231 in
1407 1182 1723 1247 geometricis

95 1275 344 1320 terrarum
379 1270 721 1334 linearumque
749 1283 1007 1318 mensuras
1044 1267 1301 1330 colligere,
1343 1268 1391 1315 in
1419 1268 1724 1316 harmonicis

94 1347 332 1405 sonorum
383 1353 744 1403 modulationes
797 1354 1021 1402 suauium
1074 1358 1369 1401 accentuum
1416 1350 1723 1401 carminibus

95 1454 422 1504 concrepare:
451 1440 490 1489 si
516 1441 568 1488 in
589 1439 665 1487 his
693 1437 923 1487 omnibus
950 1439 1014 1487 ita
1041 1437 1196 1486 fueris
1225 1437 1527 1486 exercitatus
1554 1442 1607 1484 ut
1633 1435 1723 1484 tibi

94 1523 234 1575 stilus
259 1530 428 1573 noster
449 1525 510 1574 sit
535 1525 769 1579 rusticus,
799 1537 891 1572 nec
917 1524 987 1572 sic
1009 1537 1206 1587 quoque
1235 1523 1479 1586 deprecor
1506 1529 1560 1570 ut
1589 1520 1722 1570 auel-

94 1608 166 1659 las
194 1609 326 1673 quod
353 1609 577 1673 scripsi.'
641 1614 686 1657 et
724 1610 771 1656 in
800 1608 971 1657 codice
999 1606 1285 1657 Colbertino
1322 1607 1445 1656 haec
1472 1621 1599 1670 quae
1640 1606 1724 1655 ad-

95 1695 274 1759 scripsi
311 1709 421 1743 cum
461 1700 566 1743 tota
595 1700 817 1743 extrema
843 1692 957 1742 libri
984 1692 1164 1741 decimi
1198 1698 1339 1755 parte
1379 1693 1535 1741 omitti
1571 1691 1722 1739 adno-

93 1784 326 1828 tauerunt
353 1778 605 1832 Guadetus
642 1784 686 1827 et
724 1778 984 1826 Tarannus
1020 1778 1068 1825 in
1107 1777 1218 1825 edit.
1249 1777 1400 1825 Paris.
1441 1777 1556 1825 anni
1587 1773 1722 1824 1836

94 1862 239 1912 simul
277 1861 520 1911 Cointium
570 1864 658 1910 ‘ea
697 1877 823 1927 quae
859 1866 1096 1910 secuntur
1135 1877 1159 1909 a
1199 1862 1430 1925 quopiam
1469 1861 1723 1909 neoterico

95 1946 256 1996 addita
285 1948 468 1996 suisse'
506 1961 711 1996 censere
739 1946 1078 1995 obseruantes.
1145 1952 1193 1994 et
1224 1944 1365 1994 facile
1391 1946 1619 2009 profecto
1649 1959 1723 1993 es-

94 2037 170 2080 set
203 2030 422 2081 iudicare
460 2031 553 2080 hac
590 2032 758 2087 dere,
800 2031 842 2078 si
882 2029 1098 2080 editores
1126 2028 1298 2078 Gallici
1334 2029 1497 2093 paullo
1534 2030 1724 2078 maiore

95 2130 215 2166 cura
257 2121 305 2165 et
330 2116 390 2164 de
419 2116 645 2165 codicum
677 2130 882 2165 suorum
920 2116 1210 2164 auctoritate
1237 2114 1528 2164 retulissent
1564 2120 1612 2163 et
1638 2129 1723 2163 ua—

93 2201 318 2250 rietatem
353 2201 627 2264 scripturae
663 2200 996 2250 adnotassent.
1077 2215 1190 2249 nam
1231 2199 1326 2248 hoc
1362 2199 1495 2248 haud
1525 2200 1624 2248 scio
1663 2213 1723 2248 an

95 2299 157 2335 ex
198 2284 440 2334 editorum
478 2284 672 2334 silentio
701 2284 932 2334 concludi
969 2287 1126 2348 possit
1160 2283 1258 2348 legi
1296 2283 1544 2347 epilogum
1584 2282 1722 2332 illum

42 2431 44 2435 y
90 2370 147 2418 in
201 2369 372 2418 codice
423 2368 768 2419 Camaracensi
821 2369 1004 2435 (‘saec.
1046 2369 1149 2418 VIII
1193 2376 1240 2418 et
1273 2369 1338 2418 IX
1375 2367 1621 2432 exarato')
1677 2373 1726 2417 et

73 2453 251 2516 -Regio
287 2453 347 2502 B.
408 2453 632 2504 similiter
673 2455 803 2503 enim
843 2454 890 2502 in
939 2453 1109 2502 codice
1150 2453 1462 2503 Cluniacensi
1499 2451 1588 2502 alia
1628 2467 1723 2515 pro

94 2536 192 2588 hoc
235 2537 427 2602 epilogo
474 2537 862 2594 substituuntur,
914 2537 1067 2587 multo
1110 2539 1275 2588 minus
1322 2553 1377 2586 ea
1420 2537 1619 2602 quidem
1671 2542 1725 2584 ut

95 2622 294 2672 uidetur
331 2629 460 2686 apta.
521 2622 607 2672 sed
645 2638 758 2671 cum
796 2624 924 2672 inter
961 2623 1283 2687 praefandum
1326 2622 1393 2685 (p.
1424 2621 1553 2685 Xlll)
1599 2620 1723 2670 <Re-

97 2708 232 2771 gium
260 2707 298 2756 B
335 2707 440 2756 fere
477 2707 524 2755 in
564 2706 794 2757 omnibus
832 2692 943 2757 cum
973 2707 1285 2757 Cluniacensi
1313 2706 1611 2755 conuenire'
1650 2705 1721 2754 di-

95 2792 297 2848 xissent,
325 2792 434 2840 iure
462 2790 522 2841 de
550 2806 722 2841 eorum
750 2791 847 2842 fide
876 2791 1085 2848 dubites,
1115 2793 1198 2854 qui
1225 2790 1320 2839 hoc
1347 2791 1456 2839 loco
1486 2790 1545 2839 de
1567 2789 1722 2853 Regio

97 2874 136 2925 Β
174 2874 295 2925 nihil
332 2874 645 2925 adnotarunt.
707 2883 870 2927 tamen
907 2877 1014 2925 ueri
1039 2875 1198 2925 simile
1225 2875 1351 2924 (luco
1378 2876 1429 2924 in
1456 2874 1561 2924 aliis
1589 2875 1723 2923 codi-

1302 2960 1376 3010 b*
