<?xml version="1.0" encoding="UTF-8"?>
<!DOCTYPE html PUBLIC "-//W3C//DTD XHTML 1.0 Transitional//EN"
    "http://www.w3.org/TR/xhtml1/DTD/xhtml1-transitional.dtd">
<html xmlns="http://www.w3.org/1999/xhtml" xml:lang="en" lang="en">
 <head>
  <title>
</title>
<meta http-equiv="Content-Type" content="text/html;charset=utf-8" />
  <meta name='ocr-system' content='tesseract 3.04.00' />
  <meta name='ocr-capabilities' content='ocr_page ocr_carea ocr_par ocr_line ocrx_word'/>
</head>
<body>
  <div class='ocr_page' id='page_1' title='image "./martianvscapella00martuoft_0303.png"; bbox 0 0 1982 3230; ppageno 0'>
   <div class='ocr_carea' id='block_1_1' title="bbox 757 55 1706 113">
    <p class='ocr_par' dir='ltr' id='par_1_1' title="bbox 757 55 1706 113">
     <span class='ocr_line' id='line_1_1' title="bbox 757 55 1706 113; baseline 0.006 -10"><span class='ocrx_word' id='word_1_1' title='bbox 757 61 944 104; x_wconf 82' lang='lat' dir='ltr'>LIBER</span> <span class='ocrx_word' id='word_1_2' title='bbox 972 61 1039 105; x_wconf 86' lang='lat' dir='ltr'>v1</span> <span class='ocrx_word' id='word_1_3' title='bbox 1300 73 1302 75; x_wconf 94' lang='lat'>·</span> <span class='ocrx_word' id='word_1_4' title='bbox 1597 55 1706 113; x_wconf 90' lang='grc'>229</span> 
     </span>
    </p>
   </div>
   <div class='ocr_carea' id='block_1_2' title="bbox 28 200 1705 973">
    <p class='ocr_par' dir='ltr' id='par_1_2' title="bbox 28 200 1705 973">
     <span class='ocr_line' id='line_1_2' title="bbox 97 200 1703 271; baseline -0.004 -13"><span class='ocrx_word' id='word_1_5' title='bbox 97 213 145 258; x_wconf 90' lang='lat' dir='ltr'>et</span> <span class='ocrx_word' id='word_1_6' title='bbox 167 207 344 271; x_wconf 84' lang='lat' dir='ltr'>uiginti</span> <span class='ocrx_word' id='word_1_7' title='bbox 370 205 586 271; x_wconf 88' lang='lat' dir='ltr'>quinque</span> <span class='ocrx_word' id='word_1_8' title='bbox 612 202 740 253; x_wconf 88' lang='lat' dir='ltr'>milia</span> <span class='ocrx_word' id='word_1_9' title='bbox 769 209 915 254; x_wconf 90' lang='lat' dir='ltr'>tenet.</span> <span class='ocrx_word' id='word_1_10' title='bbox 966 203 1014 252; x_wconf 91' lang='lat' dir='ltr'>in</span> <span class='ocrx_word' id='word_1_11' title='bbox 1041 205 1205 254; x_wconf 89' lang='lat' dir='ltr'>uicino</span> <span class='ocrx_word' id='word_1_12' title='bbox 1234 204 1338 254; x_wconf 88' lang='lat' dir='ltr'>eius</span> <span class='ocrx_word' id='word_1_13' title='bbox 1363 202 1487 254; x_wconf 90' lang='lat' dir='ltr'>silua</span> <span class='ocrx_word' id='word_1_14' title='bbox 1513 200 1703 252; x_wconf 90' lang='lat' dir='ltr'>Calido-</span> 
     </span>
     <span class='ocr_line' id='line_1_3' title="bbox 95 272 1704 343; baseline -0.003 -16"><span class='ocrx_word' id='word_1_15' title='bbox 95 279 178 328; x_wconf 85' lang='lat' dir='ltr'>nia</span> <span class='ocrx_word' id='word_1_16' title='bbox 213 275 498 340; x_wconf 83' lang='lat' dir='ltr'><strong>insulaeque</strong></span> <span class='ocrx_word' id='word_1_17' title='bbox 524 288 669 339; x_wconf 89' lang='lat' dir='ltr'>quam</span> <span class='ocrx_word' id='word_1_18' title='bbox 704 272 896 338; x_wconf 69' lang='lat' dir='ltr'>pluma,</span> <span class='ocrx_word' id='word_1_19' title='bbox 936 274 1062 325; x_wconf 89' lang='lat' dir='ltr'>inter</span> <span class='ocrx_word' id='word_1_20' title='bbox 1091 290 1212 343; x_wconf 83' lang='lat' dir='ltr'>quas</span> <span class='ocrx_word' id='word_1_21' title='bbox 1239 273 1457 326; x_wconf 90' lang='lat' dir='ltr'>Orcades</span> <span class='ocrx_word' id='word_1_22' title='bbox 1492 272 1704 338; x_wconf 90' lang='lat' dir='ltr'>quadra-</span> 
     </span>
     <span class='ocr_line' id='line_1_4' title="bbox 97 341 1704 413; baseline -0.003 -16"><span class='ocrx_word' id='word_1_23' title='bbox 97 349 227 413; x_wconf 80' lang='lat' dir='ltr'>ginta</span> <span class='ocrx_word' id='word_1_24' title='bbox 255 343 648 412; x_wconf 79' lang='lat' dir='ltr'>paene‘iunctae.</span> <span class='ocrx_word' id='word_1_25' title='bbox 723 345 842 394; x_wconf 90' lang='lat' dir='ltr'>item</span> <span class='ocrx_word' id='word_1_26' title='bbox 867 342 1151 402; x_wconf 84' lang='lat' dir='ltr'>ElectrideS‚</span> <span class='ocrx_word' id='word_1_27' title='bbox 1179 345 1231 392; x_wconf 91' lang='lat' dir='ltr'>in</span> <span class='ocrx_word' id='word_1_28' title='bbox 1258 343 1438 407; x_wconf 90' lang='lat' dir='ltr'>quibus</span> <span class='ocrx_word' id='word_1_29' title='bbox 1465 341 1704 393; x_wconf 87' lang='lat' dir='ltr'>electrum</span> 
     </span>
     <span class='ocr_line' id='line_1_5' title="bbox 95 411 1704 482; baseline -0.003 -15"><span class='ocrx_word' id='word_1_30' title='bbox 95 418 330 482; x_wconf 85' lang='lat' dir='ltr'><strong>gignitur.</strong></span> <span class='ocrx_word' id='word_1_31' title='bbox 376 415 460 465; x_wconf 91' lang='lat' dir='ltr'>sed</span> <span class='ocrx_word' id='word_1_32' title='bbox 489 413 657 464; x_wconf 89' lang='lat' dir='ltr'>ultima</span> <span class='ocrx_word' id='word_1_33' title='bbox 685 417 903 465; x_wconf 88' lang='lat' dir='ltr'>omnium</span> <span class='ocrx_word' id='word_1_34' title='bbox 933 413 1074 480; x_wconf 90' lang='lat' dir='ltr'>Tyle,</span> <span class='ocrx_word' id='word_1_35' title='bbox 1103 415 1152 462; x_wconf 92' lang='lat' dir='ltr'>in</span> <span class='ocrx_word' id='word_1_36' title='bbox 1180 429 1276 479; x_wconf 89' lang='lat' dir='ltr'>qua</span> <span class='ocrx_word' id='word_1_37' title='bbox 1315 411 1555 464; x_wconf 82' lang='lat' dir='ltr'>solstitiali</span> <span class='ocrx_word' id='word_1_38' title='bbox 1580 420 1704 463; x_wconf 90' lang='lat' dir='ltr'>tem-</span> 
     </span>
     <span class='ocr_line' id='line_1_6' title="bbox 51 485 1702 553; baseline -0.002 -17"><span class='ocrx_word' id='word_1_39' title='bbox 51 503 72 536; x_wconf 86' lang='lat'><strong>5</strong></span> <span class='ocrx_word' id='word_1_40' title='bbox 95 503 216 553; x_wconf 92' lang='lat' dir='ltr'>pore</span> <span class='ocrx_word' id='word_1_41' title='bbox 250 486 513 537; x_wconf 87' lang='lat' dir='ltr'>continuus</span> <span class='ocrx_word' id='word_1_42' title='bbox 551 485 679 542; x_wconf 92' lang='lat' dir='ltr'>dies,</span> <span class='ocrx_word' id='word_1_43' title='bbox 722 485 1037 550; x_wconf 89' lang='lat' dir='ltr'>brumalique</span> <span class='ocrx_word' id='word_1_44' title='bbox 1074 499 1173 534; x_wconf 82' lang='lat' dir='ltr'>nox</span> <span class='ocrx_word' id='word_1_45' title='bbox 1208 486 1439 549; x_wconf 88' lang='lat' dir='ltr'>perennis</span> <span class='ocrx_word' id='word_1_46' title='bbox 1476 485 1702 549; x_wconf 85' lang='lat' dir='ltr'><strong>exigitur.</strong></span> 
     </span>
     <span class='ocr_line' id='line_1_7' title="bbox 94 556 1702 621; baseline -0.004 -12"><span class='ocrx_word' id='word_1_47' title='bbox 94 557 223 609; x_wconf 82' lang='lat' dir='ltr'>ultra</span> <span class='ocrx_word' id='word_1_48' title='bbox 259 571 406 621; x_wconf 89' lang='lat' dir='ltr'>quam</span> <span class='ocrx_word' id='word_1_49' title='bbox 440 556 754 619; x_wconf 89' lang='lat' dir='ltr'>nauigatione</span> <span class='ocrx_word' id='word_1_50' title='bbox 790 557 935 605; x_wconf 91' lang='lat' dir='ltr'>unius</span> <span class='ocrx_word' id='word_1_51' title='bbox 974 556 1071 605; x_wconf 90' lang='lat' dir='ltr'>diei</span> <span class='ocrx_word' id='word_1_52' title='bbox 1105 570 1242 604; x_wconf 91' lang='lat' dir='ltr'>mare</span> <span class='ocrx_word' id='word_1_53' title='bbox 1287 559 1574 605; x_wconf 89' lang='lat' dir='ltr'>concretum</span> <span class='ocrx_word' id='word_1_54' title='bbox 1613 559 1702 603; x_wconf 90' lang='lat' dir='ltr'>est.</span> 
     </span>
     <span class='ocr_line' id='line_1_8' title="bbox 93 623 1702 691; baseline -0.005 -12"><span class='ocrx_word' id='word_1_55' title='bbox 93 627 182 679; x_wconf 90' lang='lat' dir='ltr'>sed</span> <span class='ocrx_word' id='word_1_56' title='bbox 223 627 350 676; x_wconf 82' lang='lat' dir='ltr'>infra</span> <span class='ocrx_word' id='word_1_57' title='bbox 387 626 594 675; x_wconf 85' lang='lat' dir='ltr'>confinis</span> <span class='ocrx_word' id='word_1_58' title='bbox 630 633 704 676; x_wconf 85' lang='lat' dir='ltr'>est</span> <span class='ocrx_word' id='word_1_59' title='bbox 742 625 926 677; x_wconf 89' lang='lat' dir='ltr'>Galliae</span> <span class='ocrx_word' id='word_1_60' title='bbox 961 626 1355 691; x_wconf 88' lang='lat' dir='ltr'>Hispaniaeque,</span> <span class='ocrx_word' id='word_1_61' title='bbox 1394 623 1575 689; x_wconf 88' lang='lat' dir='ltr'>quibus</span> <span class='ocrx_word' id='word_1_62' title='bbox 1609 623 1702 672; x_wconf 92' lang='lat' dir='ltr'>nisi</span> 
     </span>
     <span class='ocr_line' id='line_1_9' title="bbox 94 689 1701 762; baseline -0.004 -14"><span class='ocrx_word' id='word_1_63' title='bbox 94 697 278 749; x_wconf 84' lang='lat' dir='ltr'>Oceani</span> <span class='ocrx_word' id='word_1_64' title='bbox 314 696 544 747; x_wconf 76' lang='lat' dir='ltr'>Atlantici</span> <span class='ocrx_word' id='word_1_65' title='bbox 588 696 878 762; x_wconf 87' lang='lat' dir='ltr'>prohiberet</span> <span class='ocrx_word' id='word_1_66' title='bbox 918 698 1137 760; x_wconf 87' lang='lat' dir='ltr'>inruptio</span> <span class='ocrx_word' id='word_1_67' title='bbox 1174 689 1347 746; x_wconf 57' lang='lat' dir='ltr'>*Africa</span> <span class='ocrx_word' id='word_1_68' title='bbox 1391 697 1701 745; x_wconf 83' lang='lat' dir='ltr'>misceretur.</span> 
     </span>
     <span class='ocr_line' id='line_1_10' title="bbox 90 764 1704 831; baseline -0.003 -13"><span class='ocrx_word' id='word_1_69' title='bbox 90 784 206 819; x_wconf 91' lang='lat' dir='ltr'>nam</span> <span class='ocrx_word' id='word_1_70' title='bbox 232 767 519 819; x_wconf 89' lang='lat' dir='ltr'>Velonensis</span> <span class='ocrx_word' id='word_1_71' title='bbox 555 766 781 818; x_wconf 87' lang='lat' dir='ltr'>Baeticae</span> <span class='ocrx_word' id='word_1_72' title='bbox 818 767 988 817; x_wconf 87' lang='lat' dir='ltr'>ciuitas</span> <span class='ocrx_word' id='word_1_73' title='bbox 1025 768 1224 831; x_wconf 84' lang='lat' dir='ltr'>triginta</span> <span class='ocrx_word' id='word_1_74' title='bbox 1256 766 1417 817; x_wconf 87' lang='lat' dir='ltr'>tribus</span> <span class='ocrx_word' id='word_1_75' title='bbox 1450 764 1650 815; x_wconf 90' lang='lat' dir='ltr'>milibus</span> <span class='ocrx_word' id='word_1_76' title='bbox 1676 779 1704 813; x_wconf 90' lang='lat' dir='ltr'>a</span> 
     </span>
     <span class='ocr_line' id='line_1_11' title="bbox 28 836 1705 903; baseline -0.003 -15"><span class='ocrx_word' id='word_1_77' title='bbox 28 855 70 888; x_wconf 88' lang='lat'>10</span> <span class='ocrx_word' id='word_1_78' title='bbox 92 840 236 903; x_wconf 84' lang='lat' dir='ltr'>Tingi</span> <span class='ocrx_word' id='word_1_79' title='bbox 280 838 462 903; x_wconf 89' lang='lat' dir='ltr'>oppido</span> <span class='ocrx_word' id='word_1_80' title='bbox 510 838 812 902; x_wconf 81' lang='lat' dir='ltr'>disparatur,</span> <span class='ocrx_word' id='word_1_81' title='bbox 852 853 978 902; x_wconf 89' lang='lat' dir='ltr'>quae</span> <span class='ocrx_word' id='word_1_82' title='bbox 1025 838 1214 888; x_wconf 88' lang='lat' dir='ltr'>colonia</span> <span class='ocrx_word' id='word_1_83' title='bbox 1258 843 1333 888; x_wconf 90' lang='lat' dir='ltr'>est</span> <span class='ocrx_word' id='word_1_84' title='bbox 1371 836 1705 887; x_wconf 86' lang='lat' dir='ltr'>Mauretaniae</span> 
     </span>
     <span class='ocr_line' id='line_1_12' title="bbox 93 908 1510 973; baseline -0.004 -12"><span class='ocrx_word' id='word_1_85' title='bbox 93 910 437 961; x_wconf 89' lang='lat' dir='ltr'>Caesariensis.</span> <span class='ocrx_word' id='word_1_86' title='bbox 513 908 658 958; x_wconf 90' lang='lat' dir='ltr'>huius</span> <span class='ocrx_word' id='word_1_87' title='bbox 683 915 855 958; x_wconf 89' lang='lat' dir='ltr'>auctor</span> <span class='ocrx_word' id='word_1_88' title='bbox 883 909 1050 973; x_wconf 90' lang='lat' dir='ltr'>oppidi</span> <span class='ocrx_word' id='word_1_89' title='bbox 1075 910 1291 958; x_wconf 86' lang='lat' dir='ltr'>Antaeus</span> <span class='ocrx_word' id='word_1_90' title='bbox 1316 909 1510 958; x_wconf 85' lang='lat' dir='ltr'>dicitur.</span> 
     </span>
    </p>
   </div>
   <div class='ocr_carea' id='block_1_3' title="bbox 25 1005 1817 1987">
    <p class='ocr_par' dir='ltr' id='par_1_3' title="bbox 92 1005 1817 1213">
     <span class='ocr_line' id='line_1_13' title="bbox 233 1005 1817 1072; baseline -0.003 -15"><span class='ocrx_word' id='word_1_91' title='bbox 233 1008 397 1057; x_wconf 82' lang='lat' dir='ltr'>Africa</span> <span class='ocrx_word' id='word_1_92' title='bbox 432 1022 554 1056; x_wconf 90' lang='lat' dir='ltr'>uero</span> <span class='ocrx_word' id='word_1_93' title='bbox 592 1022 648 1056; x_wconf 90' lang='lat' dir='ltr'>ac</span> <span class='ocrx_word' id='word_1_94' title='bbox 684 1006 835 1072; x_wconf 84' lang='lat' dir='ltr'>Libya</span> <span class='ocrx_word' id='word_1_95' title='bbox 875 1007 1002 1057; x_wconf 88' lang='lat' dir='ltr'>dicta</span> <span class='ocrx_word' id='word_1_96' title='bbox 1041 1008 1102 1057; x_wconf 90' lang='lat' dir='ltr'>ab</span> <span class='ocrx_word' id='word_1_97' title='bbox 1138 1007 1256 1056; x_wconf 85' lang='lat' dir='ltr'>Afro</span> <span class='ocrx_word' id='word_1_98' title='bbox 1294 1007 1441 1067; x_wconf 86' lang='lat' dir='ltr'>Libe,</span> <span class='ocrx_word' id='word_1_99' title='bbox 1478 1005 1704 1055; x_wconf 87' lang='lat' dir='ltr'>Herculis</span> <span class='ocrx_word' id='word_1_100' title='bbox 1734 1006 1817 1052; x_wconf 76' lang='grc'>667</span> 
     </span>
     <span class='ocr_line' id='line_1_14' title="bbox 92 1077 1704 1142; baseline -0.002 -14"><span class='ocrx_word' id='word_1_101' title='bbox 92 1078 209 1131; x_wconf 86' lang='lat' dir='ltr'>filio.</span> <span class='ocrx_word' id='word_1_102' title='bbox 283 1078 334 1126; x_wconf 92' lang='lat' dir='ltr'>in</span> <span class='ocrx_word' id='word_1_103' title='bbox 362 1077 572 1127; x_wconf 90' lang='lat' dir='ltr'>confinio</span> <span class='ocrx_word' id='word_1_104' title='bbox 609 1083 679 1126; x_wconf 88' lang='lat' dir='ltr'>est</span> <span class='ocrx_word' id='word_1_105' title='bbox 708 1077 891 1127; x_wconf 89' lang='lat' dir='ltr'>Elissos</span> <span class='ocrx_word' id='word_1_106' title='bbox 918 1077 1136 1134; x_wconf 89' lang='lat' dir='ltr'>colonia,</span> <span class='ocrx_word' id='word_1_107' title='bbox 1165 1080 1217 1126; x_wconf 92' lang='lat' dir='ltr'>in</span> <span class='ocrx_word' id='word_1_108' title='bbox 1245 1093 1339 1142; x_wconf 89' lang='lat' dir='ltr'>qua</span> <span class='ocrx_word' id='word_1_109' title='bbox 1365 1079 1502 1142; x_wconf 85' lang='lat' dir='ltr'>regia</span> <span class='ocrx_word' id='word_1_110' title='bbox 1528 1077 1704 1126; x_wconf 89' lang='lat' dir='ltr'>Antaei</span> 
     </span>
     <span class='ocr_line' id='line_1_15' title="bbox 92 1147 1702 1213; baseline -0.002 -15"><span class='ocrx_word' id='word_1_111' title='bbox 92 1148 439 1213; x_wconf 87' lang='lat' dir='ltr'>luctamenque</span> <span class='ocrx_word' id='word_1_112' title='bbox 460 1162 571 1196; x_wconf 91' lang='lat' dir='ltr'>cum</span> <span class='ocrx_word' id='word_1_113' title='bbox 591 1147 804 1197; x_wconf 86' lang='lat' dir='ltr'>Hercule</span> <span class='ocrx_word' id='word_1_114' title='bbox 824 1147 1118 1205; x_wconf 88' lang='lat' dir='ltr'>celebratur,</span> <span class='ocrx_word' id='word_1_115' title='bbox 1143 1154 1191 1198; x_wconf 92' lang='lat' dir='ltr'>et</span> <span class='ocrx_word' id='word_1_116' title='bbox 1207 1148 1535 1213; x_wconf 88' lang='lat' dir='ltr'>Hesperidum</span> <span class='ocrx_word' id='word_1_117' title='bbox 1553 1147 1702 1197; x_wconf 90' lang='lat' dir='ltr'>horti.</span> 
     </span>
    </p>

    <p class='ocr_par' dir='ltr' id='par_1_4' title="bbox 28 1217 1707 1565">
     <span class='ocr_line' id='line_1_16' title="bbox 28 1217 1707 1283; baseline 0.001 -18"><span class='ocrx_word' id='word_1_118' title='bbox 28 1234 70 1267; x_wconf 87' lang='lat'>15</span> <span class='ocrx_word' id='word_1_119' title='bbox 94 1218 192 1268; x_wconf 90' lang='lat' dir='ltr'>illic</span> <span class='ocrx_word' id='word_1_120' title='bbox 218 1219 512 1267; x_wconf 85' lang='lat' dir='ltr'>aestuarium</span> <span class='ocrx_word' id='word_1_121' title='bbox 535 1217 826 1278; x_wconf 88' lang='lat' dir='ltr'>flexuosum,</span> <span class='ocrx_word' id='word_1_122' title='bbox 854 1234 1000 1283; x_wconf 88' lang='lat' dir='ltr'>quem</span> <span class='ocrx_word' id='word_1_123' title='bbox 1021 1219 1288 1268; x_wconf 87' lang='lat' dir='ltr'>draconem</span> <span class='ocrx_word' id='word_1_124' title='bbox 1305 1217 1509 1282; x_wconf 85' lang='lat' dir='ltr'>uigilem</span> <span class='ocrx_word' id='word_1_125' title='bbox 1533 1231 1707 1267; x_wconf 90' lang='lat' dir='ltr'>rumor</span> 
     </span>
     <span class='ocr_line' id='line_1_17' title="bbox 93 1287 1704 1353; baseline -0.002 -14"><span class='ocrx_word' id='word_1_126' title='bbox 93 1290 350 1340; x_wconf 87' lang='lat' dir='ltr'>uetustatis</span> <span class='ocrx_word' id='word_1_127' title='bbox 377 1287 552 1337; x_wconf 87' lang='lat' dir='ltr'>allusit.</span> <span class='ocrx_word' id='word_1_128' title='bbox 628 1302 720 1336; x_wconf 90' lang='lat' dir='ltr'>nec</span> <span class='ocrx_word' id='word_1_129' title='bbox 747 1287 892 1353; x_wconf 86' lang='lat' dir='ltr'>longe</span> <span class='ocrx_word' id='word_1_130' title='bbox 920 1304 1062 1338; x_wconf 91' lang='lat' dir='ltr'>mons</span> <span class='ocrx_word' id='word_1_131' title='bbox 1089 1288 1222 1337; x_wconf 86' lang='lat' dir='ltr'>Atlas</span> <span class='ocrx_word' id='word_1_132' title='bbox 1249 1289 1310 1337; x_wconf 93' lang='lat' dir='ltr'>de</span> <span class='ocrx_word' id='word_1_133' title='bbox 1339 1289 1530 1352; x_wconf 84' lang='lat' dir='ltr'>gremio</span> <span class='ocrx_word' id='word_1_134' title='bbox 1559 1303 1704 1337; x_wconf 93' lang='lat' dir='ltr'>cacu-</span> 
     </span>
     <span class='ocr_line' id='line_1_18' title="bbox 92 1358 1703 1427; baseline -0.002 -18"><span class='ocrx_word' id='word_1_135' title='bbox 92 1374 207 1409; x_wconf 93' lang='lat' dir='ltr'>men</span> <span class='ocrx_word' id='word_1_136' title='bbox 241 1358 503 1424; x_wconf 83' lang='lat' dir='ltr'>proferens</span> <span class='ocrx_word' id='word_1_137' title='bbox 539 1372 818 1427; x_wconf 70' lang='lat' dir='ltr'>arenarum.</span> <span class='ocrx_word' id='word_1_138' title='bbox 895 1358 1029 1408; x_wconf 90' lang='lat' dir='ltr'>hunc</span> <span class='ocrx_word' id='word_1_139' title='bbox 1062 1358 1252 1408; x_wconf 89' lang='lat' dir='ltr'>incolae</span> <span class='ocrx_word' id='word_1_140' title='bbox 1278 1359 1468 1408; x_wconf 84' lang='lat' dir='ltr'>Adirim</span> <span class='ocrx_word' id='word_1_141' title='bbox 1504 1364 1703 1407; x_wconf 89' lang='lat' dir='ltr'>uocant.</span> 
     </span>
     <span class='ocr_line' id='line_1_19' title="bbox 91 1427 1704 1494; baseline 0 -16"><span class='ocrx_word' id='word_1_142' title='bbox 91 1431 135 1478; x_wconf 92' lang='lat' dir='ltr'>is</span> <span class='ocrx_word' id='word_1_143' title='bbox 158 1444 317 1494; x_wconf 89' lang='lat' dir='ltr'>usque</span> <span class='ocrx_word' id='word_1_144' title='bbox 346 1429 398 1477; x_wconf 92' lang='lat' dir='ltr'>in</span> <span class='ocrx_word' id='word_1_145' title='bbox 426 1428 635 1477; x_wconf 89' lang='lat' dir='ltr'>confinia</span> <span class='ocrx_word' id='word_1_146' title='bbox 672 1427 857 1478; x_wconf 89' lang='lat' dir='ltr'>lunaris</span> <span class='ocrx_word' id='word_1_147' title='bbox 884 1429 1055 1479; x_wconf 85' lang='lat' dir='ltr'>circuli</span> <span class='ocrx_word' id='word_1_148' title='bbox 1092 1435 1296 1479; x_wconf 90' lang='lat' dir='ltr'>euectus</span> <span class='ocrx_word' id='word_1_149' title='bbox 1329 1428 1704 1478; x_wconf 86' lang='lat' dir='ltr'>ultranubium</span> 
     </span>
     <span class='ocr_line' id='line_1_20' title="bbox 91 1497 1706 1565; baseline -0.001 -16"><span class='ocrx_word' id='word_1_150' title='bbox 91 1505 403 1564; x_wconf 85' lang='lat' dir='ltr'>potestatem.</span> <span class='ocrx_word' id='word_1_151' title='bbox 491 1500 575 1563; x_wconf 84' lang='lat' dir='ltr'>qui</span> <span class='ocrx_word' id='word_1_152' title='bbox 625 1497 684 1548; x_wconf 95' lang='lat' dir='ltr'>ab</span> <span class='ocrx_word' id='word_1_153' title='bbox 738 1514 941 1549; x_wconf 90' lang='lat' dir='ltr'>occasus</span> <span class='ocrx_word' id='word_1_154' title='bbox 999 1506 1141 1565; x_wconf 87' lang='lat' dir='ltr'>parte</span> <span class='ocrx_word' id='word_1_155' title='bbox 1190 1500 1369 1565; x_wconf 84' lang='lat' dir='ltr'>&lt;litora</span> <span class='ocrx_word' id='word_1_156' title='bbox 1419 1505 1706 1565; x_wconf 86' lang='lat' dir='ltr'>prospectat</span> 
     </span>
    </p>

    <p class='ocr_par' dir='ltr' id='par_1_5' title="bbox 28 1569 1706 1916">
     <span class='ocr_line' id='line_1_21' title="bbox 28 1569 1706 1635; baseline 0.001 -19"><span class='ocrx_word' id='word_1_157' title='bbox 28 1584 71 1617; x_wconf 85' lang='lat'>20</span> <span class='ocrx_word' id='word_1_158' title='bbox 95 1569 293 1627; x_wconf 90' lang='lat' dir='ltr'>Oceani,</span> <span class='ocrx_word' id='word_1_159' title='bbox 325 1583 634 1626; x_wconf 90' lang='lat' dir='ltr'>nemorosus,</span> <span class='ocrx_word' id='word_1_160' title='bbox 669 1569 889 1619; x_wconf 82' lang='lat' dir='ltr'>fontibus</span> <span class='ocrx_word' id='word_1_161' title='bbox 909 1579 1102 1620; x_wconf 88' lang='lat' dir='ltr'>scatens</span> <span class='ocrx_word' id='word_1_162' title='bbox 1134 1571 1220 1620; x_wconf 86' lang='lat' dir='ltr'>sed</span> <span class='ocrx_word' id='word_1_163' title='bbox 1247 1570 1454 1635; x_wconf 91' lang='lat' dir='ltr'>rupibus</span> <span class='ocrx_word' id='word_1_164' title='bbox 1484 1570 1706 1619; x_wconf 84' lang='lat' dir='ltr'>insecun-</span> 
     </span>
     <span class='ocr_line' id='line_1_22' title="bbox 95 1639 1705 1706; baseline -0.001 -18"><span class='ocrx_word' id='word_1_165' title='bbox 95 1639 201 1689; x_wconf 81' lang='lat' dir='ltr'>duS.</span> <span class='ocrx_word' id='word_1_166' title='bbox 279 1655 376 1706; x_wconf 90' lang='lat' dir='ltr'>qua</span> <span class='ocrx_word' id='word_1_167' title='bbox 401 1654 524 1688; x_wconf 93' lang='lat' dir='ltr'>uero</span> <span class='ocrx_word' id='word_1_168' title='bbox 551 1639 766 1688; x_wconf 84' lang='lat' dir='ltr'>Africam</span> <span class='ocrx_word' id='word_1_169' title='bbox 793 1646 994 1703; x_wconf 86' lang='lat' dir='ltr'>spectat,</span> <span class='ocrx_word' id='word_1_170' title='bbox 1023 1642 1216 1704; x_wconf 90' lang='lat' dir='ltr'>opimus</span> <span class='ocrx_word' id='word_1_171' title='bbox 1245 1642 1421 1690; x_wconf 88' lang='lat' dir='ltr'>omnis.</span> <span class='ocrx_word' id='word_1_172' title='bbox 1497 1640 1705 1689; x_wconf 89' lang='lat' dir='ltr'>arbores</span> 
     </span>
     <span class='ocr_line' id='line_1_23' title="bbox 92 1711 1704 1774; baseline -0.001 -15"><span class='ocrx_word' id='word_1_173' title='bbox 92 1717 350 1774; x_wconf 87' lang='lat' dir='ltr'>praeterea</span> <span class='ocrx_word' id='word_1_174' title='bbox 390 1711 545 1773; x_wconf 87' lang='lat' dir='ltr'>gignit</span> <span class='ocrx_word' id='word_1_175' title='bbox 583 1711 808 1773; x_wconf 87' lang='lat' dir='ltr'>cupressi</span> <span class='ocrx_word' id='word_1_176' title='bbox 850 1711 1057 1767; x_wconf 81' lang='lat' dir='ltr'>simileS‚</span> <span class='ocrx_word' id='word_1_177' title='bbox 1107 1712 1260 1760; x_wconf 92' lang='lat' dir='ltr'>odore</span> <span class='ocrx_word' id='word_1_178' title='bbox 1305 1718 1470 1760; x_wconf 88' lang='lat' dir='ltr'>tamen</span> <span class='ocrx_word' id='word_1_179' title='bbox 1507 1725 1704 1774; x_wconf 85' lang='lat' dir='ltr'>graues,</span> 
     </span>
     <span class='ocr_line' id='line_1_24' title="bbox 95 1779 1706 1845; baseline -0.001 -15"><span class='ocrx_word' id='word_1_180' title='bbox 95 1796 221 1844; x_wconf 90' lang='lat' dir='ltr'>quae</span> <span class='ocrx_word' id='word_1_181' title='bbox 247 1780 409 1829; x_wconf 90' lang='lat' dir='ltr'>lanam</span> <span class='ocrx_word' id='word_1_182' title='bbox 436 1779 688 1828; x_wconf 86' lang='lat' dir='ltr'>obducunt</span> <span class='ocrx_word' id='word_1_183' title='bbox 723 1782 878 1829; x_wconf 84' lang='lat' dir='ltr'>instar</span> <span class='ocrx_word' id='word_1_184' title='bbox 905 1782 1051 1830; x_wconf 91' lang='lat' dir='ltr'>serici</span> <span class='ocrx_word' id='word_1_185' title='bbox 1086 1783 1369 1845; x_wconf 86' lang='lat' dir='ltr'>pretiosam.</span> <span class='ocrx_word' id='word_1_186' title='bbox 1445 1795 1534 1843; x_wconf 89' lang='lat' dir='ltr'>per</span> <span class='ocrx_word' id='word_1_187' title='bbox 1573 1780 1706 1830; x_wconf 88' lang='lat' dir='ltr'>diem</span> 
     </span>
     <span class='ocr_line' id='line_1_25' title="bbox 95 1849 1706 1916; baseline 0 -18"><span class='ocrx_word' id='word_1_188' title='bbox 95 1850 218 1907; x_wconf 92' lang='lat' dir='ltr'>silet,</span> <span class='ocrx_word' id='word_1_189' title='bbox 246 1856 391 1899; x_wconf 88' lang='lat' dir='ltr'>nocte</span> <span class='ocrx_word' id='word_1_190' title='bbox 419 1855 467 1898; x_wconf 89' lang='lat' dir='ltr'>et</span> <span class='ocrx_word' id='word_1_191' title='bbox 491 1850 686 1913; x_wconf 87' lang='lat' dir='ltr'>ignibus</span> <span class='ocrx_word' id='word_1_192' title='bbox 714 1852 862 1900; x_wconf 86' lang='lat' dir='ltr'>micat</span> <span class='ocrx_word' id='word_1_193' title='bbox 888 1856 936 1900; x_wconf 89' lang='lat' dir='ltr'>et</span> <span class='ocrx_word' id='word_1_194' title='bbox 960 1851 1095 1900; x_wconf 83' lang='lat' dir='ltr'>tibiis</span> <span class='ocrx_word' id='word_1_195' title='bbox 1120 1851 1282 1900; x_wconf 85' lang='lat' dir='ltr'>fistula</span> <span class='ocrx_word' id='word_1_196' title='bbox 1319 1849 1554 1916; x_wconf 84' lang='lat' dir='ltr'>cymbalis</span> <span class='ocrx_word' id='word_1_197' title='bbox 1580 1855 1706 1915; x_wconf 89' lang='lat' dir='ltr'>tym-</span> 
     </span>
    </p>

    <p class='ocr_par' dir='ltr' id='par_1_6' title="bbox 25 1920 1704 1987">
     <span class='ocr_line' id='line_1_26' title="bbox 25 1920 1704 1987; baseline 0.001 -20"><span class='ocrx_word' id='word_1_198' title='bbox 25 1934 73 1987; x_wconf 54' lang='lat'>325</span> <span class='ocrx_word' id='word_1_199' title='bbox 94 1921 333 1985; x_wconf 91' lang='lat' dir='ltr'>panisque</span> <span class='ocrx_word' id='word_1_200' title='bbox 391 1927 655 1984; x_wconf 83' lang='lat' dir='ltr'>percrepat</span> <span class='ocrx_word' id='word_1_201' title='bbox 705 1921 887 1985; x_wconf 84' lang='lat' dir='ltr'>Satyris</span> <span class='ocrx_word' id='word_1_202' title='bbox 937 1921 1297 1986; x_wconf 83' lang='lat' dir='ltr'>Aegipanisque</span> <span class='ocrx_word' id='word_1_203' title='bbox 1360 1920 1704 1970; x_wconf 65' lang='lat' dir='ltr'>bachantibus</span> 
     </span>
    </p>
   </div>
   <div class='ocr_carea' id='block_1_4' title="bbox 93 2033 431 2040">
    <p class='ocr_par' dir='ltr' id='par_1_7' title="bbox 93 2033 431 2040">
     <span class='ocr_line' id='line_1_27' title="bbox 93 2033 431 2040; baseline 0 1190"><span class='ocrx_word' id='word_1_204' title='bbox 93 2033 431 2040; x_wconf 95' lang='lat' dir='ltr'> </span> 
     </span>
    </p>
   </div>
   <div class='ocr_carea' id='block_1_5' title="bbox 96 2088 1703 2197">
    <p class='ocr_par' dir='ltr' id='par_1_8' title="bbox 96 2088 1703 2197">
     <span class='ocr_line' id='line_1_28' title="bbox 206 2088 1703 2143; baseline 0.001 -15"><span class='ocrx_word' id='word_1_205' title='bbox 206 2089 231 2138; x_wconf 68' lang='grc' dir='ltr'>ξ</span> <span class='ocrx_word' id='word_1_206' title='bbox 260 2089 343 2129; x_wconf 81' lang='grc'>667</span> <span class='ocrx_word' id='word_1_207' title='bbox 375 2101 430 2129; x_wconf 89' lang='lat' dir='ltr'>ex</span> <span class='ocrx_word' id='word_1_208' title='bbox 460 2088 617 2129; x_wconf 86' lang='lat' dir='ltr'>Solino</span> <span class='ocrx_word' id='word_1_209' title='bbox 649 2101 690 2141; x_wconf 92' lang='lat' dir='ltr'>p.</span> <span class='ocrx_word' id='word_1_210' title='bbox 725 2090 820 2140; x_wconf 91' lang='grc'>121,</span> <span class='ocrx_word' id='word_1_211' title='bbox 854 2091 974 2130; x_wconf 88' lang='grc'>13-</span> <span class='ocrx_word' id='word_1_212' title='bbox 997 2092 1091 2142; x_wconf 87' lang='grc'>122,</span> <span class='ocrx_word' id='word_1_213' title='bbox 1125 2091 1150 2130; x_wconf 90' lang='grc'>6</span> <span class='ocrx_word' id='word_1_214' title='bbox 1183 2094 1230 2131; x_wconf 86' lang='lat' dir='ltr'>et</span> <span class='ocrx_word' id='word_1_215' title='bbox 1258 2104 1301 2143; x_wconf 90' lang='lat' dir='ltr'>p.</span> <span class='ocrx_word' id='word_1_216' title='bbox 1336 2092 1430 2141; x_wconf 87' lang='grc'>122,</span> <span class='ocrx_word' id='word_1_217' title='bbox 1462 2091 1587 2130; x_wconf 89' lang='grc'>20-</span> <span class='ocrx_word' id='word_1_218' title='bbox 1607 2090 1703 2139; x_wconf 87' lang='grc'>123,</span> 
     </span>
     <span class='ocr_line' id='line_1_29' title="bbox 96 2146 494 2197; baseline -0.005 -11"><span class='ocrx_word' id='word_1_219' title='bbox 96 2147 148 2186; x_wconf 88' lang='grc'>16</span> <span class='ocrx_word' id='word_1_220' title='bbox 180 2149 226 2184; x_wconf 87' lang='lat' dir='ltr'>et</span> <span class='ocrx_word' id='word_1_221' title='bbox 254 2158 298 2197; x_wconf 93' lang='lat' dir='ltr'>p.</span> <span class='ocrx_word' id='word_1_222' title='bbox 323 2146 417 2195; x_wconf 86' lang='lat'>124,</span> <span class='ocrx_word' id='word_1_223' title='bbox 444 2147 494 2184; x_wconf 89' lang='lat'>11</span> 
     </span>
    </p>
   </div>
   <div class='ocr_carea' id='block_1_6' title="bbox 93 2245 431 2250">
    <p class='ocr_par' dir='ltr' id='par_1_9' title="bbox 93 2245 431 2250">
     <span class='ocr_line' id='line_1_30' title="bbox 93 2245 431 2250; baseline 0 0"><span class='ocrx_word' id='word_1_224' title='bbox 93 2245 431 2250; x_wconf 95' lang='lat' dir='ltr'> </span> 
     </span>
    </p>
   </div>
   <div class='ocr_carea' id='block_1_7' title="bbox 92 2295 1708 2859">
    <p class='ocr_par' dir='ltr' id='par_1_10' title="bbox 92 2295 1708 2859">
     <span class='ocr_line' id='line_1_31' title="bbox 207 2295 1689 2355; baseline 0 -16"><span class='ocrx_word' id='word_1_225' title='bbox 207 2301 230 2339; x_wconf 90' lang='lat'>1</span> <span class='ocrx_word' id='word_1_226' title='bbox 261 2299 396 2351; x_wconf 81' lang='lat' dir='ltr'>sylua</span> <span class='ocrx_word' id='word_1_227' title='bbox 416 2299 458 2339; x_wconf 92' lang='lat' dir='ltr'><em>B</em></span> <span class='ocrx_word' id='word_1_228' title='bbox 508 2296 527 2352; x_wconf 81' lang='grc' dir='ltr'>Η</span> <span class='ocrx_word' id='word_1_229' title='bbox 576 2299 822 2350; x_wconf 84' lang='lat' dir='ltr'>calydonia</span> <span class='ocrx_word' id='word_1_230' title='bbox 844 2301 882 2341; x_wconf 90' lang='lat' dir='ltr'><em>R</em></span> <span class='ocrx_word' id='word_1_231' title='bbox 930 2298 949 2354; x_wconf 81' lang='grc' dir='ltr'>[Ι</span> <span class='ocrx_word' id='word_1_232' title='bbox 997 2303 1023 2342; x_wconf 88' lang='grc'><strong>3</strong></span> <span class='ocrx_word' id='word_1_233' title='bbox 1054 2313 1202 2354; x_wconf 88' lang='lat' dir='ltr'>poene</span> <span class='ocrx_word' id='word_1_234' title='bbox 1223 2302 1261 2341; x_wconf 88' lang='lat' dir='ltr'><em>R</em></span> <span class='ocrx_word' id='word_1_235' title='bbox 1308 2298 1329 2355; x_wconf 79' lang='grc' dir='ltr'>Π</span> <span class='ocrx_word' id='word_1_236' title='bbox 1379 2302 1404 2340; x_wconf 92' lang='grc'><strong>6</strong></span> <span class='ocrx_word' id='word_1_237' title='bbox 1435 2312 1551 2340; x_wconf 89' lang='lat' dir='ltr'>unus</span> <span class='ocrx_word' id='word_1_238' title='bbox 1573 2297 1634 2339; x_wconf 86' lang='lat' dir='ltr'>B¹</span> <span class='ocrx_word' id='word_1_239' title='bbox 1667 2295 1689 2353; x_wconf 78' lang='lat' dir='ltr'>ss</span> 
     </span>
     <span class='ocr_line' id='line_1_32' title="bbox 94 2353 1705 2410; baseline -0.001 -15"><span class='ocrx_word' id='word_1_240' title='bbox 94 2357 118 2396; x_wconf 81' lang='lat'><strong>7</strong></span> <span class='ocrx_word' id='word_1_241' title='bbox 149 2355 455 2408; x_wconf 83' lang='lat' dir='ltr'>ispaniaeque</span> <span class='ocrx_word' id='word_1_242' title='bbox 476 2354 519 2394; x_wconf 91' lang='lat' dir='ltr'><em>B</em></span> <span class='ocrx_word' id='word_1_243' title='bbox 559 2357 847 2409; x_wconf 88' lang='lat' dir='ltr'>spaniaeque</span> <span class='ocrx_word' id='word_1_244' title='bbox 877 2358 916 2397; x_wconf 89' lang='lat' dir='ltr'><em>R</em></span> <span class='ocrx_word' id='word_1_245' title='bbox 954 2356 1291 2410; x_wconf 84' lang='lat' dir='ltr'>hispaniaeque</span> <span class='ocrx_word' id='word_1_246' title='bbox 1323 2371 1347 2396; x_wconf 85' lang='lat' dir='ltr'>r</span> <span class='ocrx_word' id='word_1_247' title='bbox 1394 2353 1414 2410; x_wconf 79' lang='grc' dir='ltr'>Π</span> <span class='ocrx_word' id='word_1_248' title='bbox 1463 2358 1489 2397; x_wconf 91' lang='grc'>8</span> <span class='ocrx_word' id='word_1_249' title='bbox 1522 2355 1705 2395; x_wconf 86' lang='lat' dir='ltr'>athlan-</span> 
     </span>
     <span class='ocr_line' id='line_1_33' title="bbox 93 2407 1707 2467; baseline 0.001 -17"><span class='ocrx_word' id='word_1_250' title='bbox 93 2410 178 2451; x_wconf 88' lang='lat' dir='ltr'>tici</span> <span class='ocrx_word' id='word_1_251' title='bbox 208 2410 291 2451; x_wconf 93' lang='lat' dir='ltr'>BR</span> <span class='ocrx_word' id='word_1_252' title='bbox 337 2407 357 2465; x_wconf 78' lang='lat' dir='ltr'>{l</span> <span class='ocrx_word' id='word_1_253' title='bbox 406 2411 582 2451; x_wconf 85' lang='lat' dir='ltr'>africae</span> <span class='ocrx_word' id='word_1_254' title='bbox 612 2411 695 2452; x_wconf 88' lang='lat' dir='ltr'>BR</span> <span class='ocrx_word' id='word_1_255' title='bbox 724 2426 839 2453; x_wconf 81' lang='lat' dir='ltr'>corr.</span> <span class='ocrx_word' id='word_1_256' title='bbox 870 2427 901 2465; x_wconf 86' lang='lat' dir='ltr'>p</span> <span class='ocrx_word' id='word_1_257' title='bbox 948 2410 969 2467; x_wconf 80' lang='grc' dir='ltr'><strong>Π</strong></span> <span class='ocrx_word' id='word_1_258' title='bbox 1018 2415 1043 2454; x_wconf 88' lang='grc'>9</span> <span class='ocrx_word' id='word_1_259' title='bbox 1084 2413 1268 2454; x_wconf 83' lang='lat' dir='ltr'>beticae</span> <span class='ocrx_word' id='word_1_260' title='bbox 1300 2413 1382 2453; x_wconf 90' lang='lat' dir='ltr'>BR</span> <span class='ocrx_word' id='word_1_261' title='bbox 1430 2409 1449 2466; x_wconf 84' lang='grc' dir='ltr'>ΙΙ</span> <span class='ocrx_word' id='word_1_262' title='bbox 1500 2411 1707 2452; x_wconf 86' lang='lat' dir='ltr'>ciuitatis</span> 
     </span>
     <span class='ocr_line' id='line_1_34' title="bbox 92 2463 1690 2522; baseline 0.001 -16"><span class='ocrx_word' id='word_1_263' title='bbox 92 2465 153 2506; x_wconf 85' lang='lat' dir='ltr'>B¹</span> <span class='ocrx_word' id='word_1_264' title='bbox 191 2463 210 2520; x_wconf 86' lang='grc' dir='ltr'>ΙΙ</span> <span class='ocrx_word' id='word_1_265' title='bbox 252 2468 304 2507; x_wconf 90' lang='grc'>10</span> <span class='ocrx_word' id='word_1_266' title='bbox 334 2467 642 2507; x_wconf 81' lang='lat' dir='ltr'>mauritaniae</span> <span class='ocrx_word' id='word_1_267' title='bbox 671 2468 710 2508; x_wconf 92' lang='lat' dir='ltr'><em>R</em></span> <span class='ocrx_word' id='word_1_268' title='bbox 768 2465 786 2517; x_wconf 87' lang='grc' dir='ltr'>ΙΙ</span> <span class='ocrx_word' id='word_1_269' title='bbox 842 2470 892 2508; x_wconf 91' lang='grc'>11</span> <span class='ocrx_word' id='word_1_270' title='bbox 927 2472 1089 2510; x_wconf 84' lang='lat' dir='ltr'>anteus</span> <span class='ocrx_word' id='word_1_271' title='bbox 1109 2469 1192 2509; x_wconf 89' lang='lat' dir='ltr'>BR</span> <span class='ocrx_word' id='word_1_272' title='bbox 1237 2465 1257 2522; x_wconf 83' lang='lat' dir='ltr'>ss</span> <span class='ocrx_word' id='word_1_273' title='bbox 1307 2471 1360 2508; x_wconf 83' lang='lat'>12</span> <span class='ocrx_word' id='word_1_274' title='bbox 1392 2468 1520 2521; x_wconf 87' lang='lat' dir='ltr'>lybia</span> <span class='ocrx_word' id='word_1_275' title='bbox 1547 2466 1631 2508; x_wconf 88' lang='lat' dir='ltr'>BR</span> <span class='ocrx_word' id='word_1_276' title='bbox 1667 2464 1690 2520; x_wconf 80' lang='grc' dir='ltr'>Η</span> 
     </span>
     <span class='ocr_line' id='line_1_35' title="bbox 93 2522 1707 2577; baseline 0 -14"><span class='ocrx_word' id='word_1_277' title='bbox 93 2522 187 2563; x_wconf 87' lang='lat' dir='ltr'>libe</span> <span class='ocrx_word' id='word_1_278' title='bbox 218 2523 282 2563; x_wconf 78' lang='lat' dir='ltr'>Rb</span> <span class='ocrx_word' id='word_1_279' title='bbox 321 2523 440 2563; x_wconf 86' lang='lat' dir='ltr'>liber</span> <span class='ocrx_word' id='word_1_280' title='bbox 470 2528 544 2563; x_wconf 79' lang='lat' dir='ltr'>aut</span> <span class='ocrx_word' id='word_1_281' title='bbox 575 2523 692 2563; x_wconf 91' lang='lat' dir='ltr'>libet</span> <span class='ocrx_word' id='word_1_282' title='bbox 722 2523 763 2563; x_wconf 90' lang='lat' dir='ltr'><em>B</em></span> <span class='ocrx_word' id='word_1_283' title='bbox 798 2523 874 2575; x_wconf 89' lang='lat' dir='ltr'>(ab</span> <span class='ocrx_word' id='word_1_284' title='bbox 906 2524 1017 2565; x_wconf 83' lang='lat' dir='ltr'>Afro</span> <span class='ocrx_word' id='word_1_285' title='bbox 1048 2526 1214 2577; x_wconf 85' lang='lat' dir='ltr'>Libyis</span> <span class='ocrx_word' id='word_1_286' title='bbox 1246 2526 1465 2565; x_wconf 90' lang='lat' dir='ltr'>Herculis</span> <span class='ocrx_word' id='word_1_287' title='bbox 1497 2522 1591 2564; x_wconf 74' lang='lat' dir='ltr'>filib</span> <span class='ocrx_word' id='word_1_288' title='bbox 1623 2522 1707 2564; x_wconf 86' lang='lat' dir='ltr'>So·</span> 
     </span>
     <span class='ocr_line' id='line_1_36' title="bbox 94 2575 1689 2634; baseline 0.001 -16"><span class='ocrx_word' id='word_1_289' title='bbox 94 2577 219 2631; x_wconf 75' lang='lat' dir='ltr'>linus)</span> <span class='ocrx_word' id='word_1_290' title='bbox 261 2575 280 2633; x_wconf 83' lang='grc' dir='ltr'>ΙΙ</span> <span class='ocrx_word' id='word_1_291' title='bbox 321 2581 373 2620; x_wconf 89' lang='grc'>13</span> <span class='ocrx_word' id='word_1_292' title='bbox 403 2578 574 2619; x_wconf 89' lang='lat' dir='ltr'>lisosB</span> <span class='ocrx_word' id='word_1_293' title='bbox 604 2579 739 2619; x_wconf 89' lang='lat' dir='ltr'>lissos</span> <span class='ocrx_word' id='word_1_294' title='bbox 761 2579 784 2619; x_wconf 82' lang='lat' dir='ltr'><em>b</em></span> <span class='ocrx_word' id='word_1_295' title='bbox 818 2577 838 2633; x_wconf 85' lang='grc' dir='ltr'>ΙΙ</span> <span class='ocrx_word' id='word_1_296' title='bbox 874 2582 1000 2621; x_wconf 88' lang='lat' dir='ltr'>antei</span> <span class='ocrx_word' id='word_1_297' title='bbox 1021 2581 1103 2621; x_wconf 87' lang='lat' dir='ltr'>BR</span> <span class='ocrx_word' id='word_1_298' title='bbox 1140 2578 1160 2634; x_wconf 89' lang='grc' dir='ltr'>ΙΙ</span> <span class='ocrx_word' id='word_1_299' title='bbox 1203 2582 1255 2620; x_wconf 83' lang='grc'>14</span> <span class='ocrx_word' id='word_1_300' title='bbox 1287 2580 1546 2634; x_wconf 87' lang='lat' dir='ltr'>esperidum</span> <span class='ocrx_word' id='word_1_301' title='bbox 1568 2579 1650 2620; x_wconf 88' lang='lat' dir='ltr'>BR</span> <span class='ocrx_word' id='word_1_302' title='bbox 1668 2576 1689 2633; x_wconf 80' lang='grc' dir='ltr'>ΙΙ</span> 
     </span>
     <span class='ocr_line' id='line_1_37' title="bbox 93 2631 1707 2691; baseline 0.001 -17"><span class='ocrx_word' id='word_1_303' title='bbox 93 2635 184 2675; x_wconf 89' lang='lat' dir='ltr'>orti</span> <span class='ocrx_word' id='word_1_304' title='bbox 212 2635 295 2676; x_wconf 91' lang='lat' dir='ltr'>BR</span> <span class='ocrx_word' id='word_1_305' title='bbox 325 2639 450 2676; x_wconf 89' lang='lat' dir='ltr'>ortus</span> <span class='ocrx_word' id='word_1_306' title='bbox 483 2636 506 2676; x_wconf 82' lang='lat' dir='ltr'><em>b</em></span> <span class='ocrx_word' id='word_1_307' title='bbox 555 2631 675 2688; x_wconf 84' lang='grc'>[1-16</span> <span class='ocrx_word' id='word_1_308' title='bbox 709 2635 893 2676; x_wconf 82' lang='lat' dir='ltr'>athlans</span> <span class='ocrx_word' id='word_1_309' title='bbox 924 2636 1006 2676; x_wconf 89' lang='lat' dir='ltr'>BR</span> <span class='ocrx_word' id='word_1_310' title='bbox 1045 2637 1197 2676; x_wconf 87' lang='lat' dir='ltr'>athlas</span> <span class='ocrx_word' id='word_1_311' title='bbox 1228 2637 1252 2677; x_wconf 87' lang='lat' dir='ltr'>b</span> <span class='ocrx_word' id='word_1_312' title='bbox 1302 2633 1323 2691; x_wconf 79' lang='lat' dir='ltr'>ss</span> <span class='ocrx_word' id='word_1_313' title='bbox 1373 2639 1423 2678; x_wconf 82' lang='lat'>17</span> <span class='ocrx_word' id='word_1_314' title='bbox 1457 2635 1651 2676; x_wconf 82' lang='lat' dir='ltr'>addirim</span> <span class='ocrx_word' id='word_1_315' title='bbox 1682 2636 1707 2676; x_wconf 83' lang='lat' dir='ltr'><em>b</em></span> 
     </span>
     <span class='ocr_line' id='line_1_38' title="bbox 97 2688 1690 2746; baseline 0.001 -15"><span class='ocrx_word' id='word_1_316' title='bbox 97 2690 215 2731; x_wconf 83' lang='lat' dir='ltr'>adiri</span> <span class='ocrx_word' id='word_1_317' title='bbox 242 2691 326 2732; x_wconf 88' lang='lat' dir='ltr'>BR</span> <span class='ocrx_word' id='word_1_318' title='bbox 355 2690 434 2746; x_wconf 82' lang='lat' dir='ltr'>(cf.</span> <span class='ocrx_word' id='word_1_319' title='bbox 454 2692 706 2732; x_wconf 79' lang='lat' dir='ltr'>Mommseni</span> <span class='ocrx_word' id='word_1_320' title='bbox 728 2695 852 2744; x_wconf 84' lang='lat' dir='ltr'>prole</span> <span class='ocrx_word' id='word_1_321' title='bbox 884 2723 893 2733; x_wconf 94' lang='lat'>.</span> <span class='ocrx_word' id='word_1_322' title='bbox 917 2692 1054 2733; x_wconf 81' lang='lat' dir='ltr'>Solz&#39;ni</span> <span class='ocrx_word' id='word_1_323' title='bbox 1076 2706 1125 2744; x_wconf 84' lang='lat' dir='ltr'>p.</span> <span class='ocrx_word' id='word_1_324' title='bbox 1149 2692 1240 2745; x_wconf 91' lang='lat' dir='ltr'>IX)</span> <span class='ocrx_word' id='word_1_325' title='bbox 1282 2690 1301 2746; x_wconf 78' lang='grc' dir='ltr'>Ι]</span> <span class='ocrx_word' id='word_1_326' title='bbox 1343 2695 1395 2734; x_wconf 93' lang='grc'>18</span> <span class='ocrx_word' id='word_1_327' title='bbox 1426 2693 1497 2733; x_wconf 87' lang='lat' dir='ltr'>his</span> <span class='ocrx_word' id='word_1_328' title='bbox 1528 2690 1631 2732; x_wconf 85' lang='lat' dir='ltr'>B¹R</span> <span class='ocrx_word' id='word_1_329' title='bbox 1666 2688 1690 2746; x_wconf 82' lang='lat' dir='ltr'>ss</span> 
     </span>
     <span class='ocr_line' id='line_1_39' title="bbox 96 2745 1708 2803; baseline 0.001 -16"><span class='ocrx_word' id='word_1_330' title='bbox 96 2746 292 2788; x_wconf 81' lang='lat' dir='ltr'>confinio</span> <span class='ocrx_word' id='word_1_331' title='bbox 329 2762 354 2789; x_wconf 84' lang='lat' dir='ltr'>r</span> <span class='ocrx_word' id='word_1_332' title='bbox 401 2745 421 2803; x_wconf 79' lang='grc' dir='ltr'>[Ι</span> <span class='ocrx_word' id='word_1_333' title='bbox 470 2750 522 2789; x_wconf 90' lang='grc'>19</span> <span class='ocrx_word' id='word_1_334' title='bbox 559 2748 722 2788; x_wconf 81' lang='lat' dir='ltr'>littora</span> <span class='ocrx_word' id='word_1_335' title='bbox 752 2749 793 2787; x_wconf 91' lang='lat' dir='ltr'><em>D</em></span> <span class='ocrx_word' id='word_1_336' title='bbox 869 2745 876 2802; x_wconf 85' lang='lat' dir='ltr'>l</span> <span class='ocrx_word' id='word_1_337' title='bbox 936 2750 990 2789; x_wconf 92' lang='grc'>20</span> <span class='ocrx_word' id='word_1_338' title='bbox 1031 2751 1249 2789; x_wconf 85' lang='lat' dir='ltr'>scantens</span> <span class='ocrx_word' id='word_1_339' title='bbox 1289 2750 1330 2789; x_wconf 88' lang='lat' dir='ltr'><em>D</em></span> <span class='ocrx_word' id='word_1_340' title='bbox 1378 2746 1397 2803; x_wconf 84' lang='grc' dir='ltr'>Η</span> <span class='ocrx_word' id='word_1_341' title='bbox 1448 2750 1500 2789; x_wconf 89' lang='grc'>21</span> <span class='ocrx_word' id='word_1_342' title='bbox 1533 2745 1708 2788; x_wconf 53' lang='grc' dir='ltr'>οἶῃεπΒ</span> 
     </span>
     <span class='ocr_line' id='line_1_40' title="bbox 93 2800 1691 2859; baseline 0.001 -16"><span class='ocrx_word' id='word_1_343' title='bbox 93 2802 245 2844; x_wconf 75' lang='lat' dir='ltr'>offiaes</span> <span class='ocrx_word' id='word_1_344' title='bbox 275 2804 299 2844; x_wconf 82' lang='lat' dir='ltr'><em>b</em></span> <span class='ocrx_word' id='word_1_345' title='bbox 347 2802 367 2859; x_wconf 78' lang='grc' dir='ltr'><strong>Η</strong></span> <span class='ocrx_word' id='word_1_346' title='bbox 414 2806 468 2846; x_wconf 91' lang='grc'>22</span> <span class='ocrx_word' id='word_1_347' title='bbox 501 2816 717 2857; x_wconf 72' lang='lat' dir='ltr'>cupi-esse</span> <span class='ocrx_word' id='word_1_348' title='bbox 747 2802 803 2843; x_wconf 88' lang='lat' dir='ltr'>D¹</span> <span class='ocrx_word' id='word_1_349' title='bbox 855 2805 874 2858; x_wconf 81' lang='grc' dir='ltr'>ΙΙ</span> <span class='ocrx_word' id='word_1_350' title='bbox 922 2806 977 2845; x_wconf 89' lang='grc'>24</span> <span class='ocrx_word' id='word_1_351' title='bbox 1007 2803 1127 2845; x_wconf 86' lang='lat' dir='ltr'>solet</span> <span class='ocrx_word' id='word_1_352' title='bbox 1146 2803 1207 2844; x_wconf 92' lang='lat' dir='ltr'>B¹</span> <span class='ocrx_word' id='word_1_353' title='bbox 1256 2802 1275 2858; x_wconf 83' lang='grc' dir='ltr'>Η</span> <span class='ocrx_word' id='word_1_354' title='bbox 1324 2807 1378 2846; x_wconf 85' lang='grc'>25</span> <span class='ocrx_word' id='word_1_355' title='bbox 1410 2805 1567 2846; x_wconf 84' lang='lat' dir='ltr'>satiris</span> <span class='ocrx_word' id='word_1_356' title='bbox 1589 2806 1629 2844; x_wconf 92' lang='lat' dir='ltr'><em>D</em></span> <span class='ocrx_word' id='word_1_357' title='bbox 1669 2800 1691 2858; x_wconf 79' lang='lat' dir='ltr'>{l</span> 
     </span>
    </p>
   </div>
  </div>
 </body>
</html>
