1982 3230
805 55 993 97 menn
1022 55 1088 97 VI
1615 50 1723 108 215

106 216 239 252 mum
264 205 340 250 est
366 199 426 249 ad
453 205 669 263 portum,
698 212 845 262 quem
872 196 1163 249 Hannibalis
1191 203 1350 246 castra
1378 197 1575 247 dicunt:
1605 212 1718 246 nam

107 274 187 321 uix
223 270 292 320 ibi
318 275 514 320 centum
541 267 739 330 triginta
766 267 966 317 milibus
1003 283 1239 332 passuum
1266 267 1359 317 lata
1389 274 1476 318 est.
1541 283 1719 317 uerum

106 341 240 391 ltalia
267 342 410 390 etiam
434 337 568 388 Pado
596 338 797 388 [lumine
823 339 1159 395 memoranda,
1189 353 1338 402 quem
1367 339 1572 389 Graecia
1599 338 1721 388 dixit

106 411 388 461 Eridanum.
463 408 598 458 hunc
624 423 820 458 amnem
848 423 989 458 mons
1019 407 1227 458 Vesulus
1263 410 1393 457 inter
1419 414 1612 459 montes
1638 407 1720 458 Al-

38 495 64 529 5
104 483 238 546 pium
265 479 437 537 elatior
463 479 619 542 gignit
644 479 779 528 fonte
805 478 1043 536 mirabili,
1084 479 1169 543 qui
1195 480 1245 526 in
1272 478 1509 542 Ligurum
1536 478 1720 530 finibus

104 551 287 602 flumen
325 555 483 607 creat,
522 565 579 598 ac
605 549 784 598 dehinc
810 549 992 598 fluuius
1031 563 1225 598 mersus
1251 547 1304 597 in>
1335 550 1500 613 penita
1529 548 1721 599 telluris

104 623 153 671 in
195 626 335 686 parte
375 620 480 684 agri
515 619 809 668 Vibonensis
849 619 1070 682 emergit.
1149 620 1284 668 canis
1320 625 1433 667 ortu
1469 619 1717 669 diffusior:

103 706 216 741 nam
253 689 425 740 solutis
450 689 646 754 Alpium
674 689 871 739 niuibus
897 689 1155 752 flagrantia
1192 689 1308 738 solis
1335 690 1509 739 aestiui
1535 689 1719 739 exube-

103 768 181 810 rat
206 761 334 811 ultra
361 762 568 825 gurgitis
593 762 726 824 ripas
761 759 982 825 nullique
1009 759 1195 824 gloriae
1232 759 1472 810 nobilium
1499 761 1718 809 amnium

40 845 83 878 ιο
106 832 284 881 cedens
302 832 507 894 triginta
525 832 739 895 receptis
758 830 1046 880 fluminibus
1058 830 1360 880 Adriaticum
1383 845 1520 881 mare
1540 844 1720 893 magna

104 903 298 966 opimus
335 902 608 965 granditate
642 901 911 964 perfundit.
991 908 1153 951 cetera
1191 901 1359 951 ltaliae
1394 901 1717 951 memoranda
1748 917 1829 958 641

102 987 195 1022 nec
220 978 395 1036 poetae
432 978 619 1028 tacent,
654 976 708 1020 ut
735 971 1013 1036 Scyllaeum
1050 972 1285 1037 oppidum
1323 988 1434 1021 cum
1463 972 1718 1021 Crataeide

102 1042 319 1100 flumine,
348 1058 473 1107 quae
496 1041 684 1106 Scyllae
711 1049 869 1091 mater
897 1042 1002 1098 suit,
1033 1042 1401 1108 Charybdisque
1428 1043 1719 1106 uoraginem

103 1127 161 1162 ac
186 1114 482 1176 uertiginem
518 1117 818 1169 tortuosam;
864 1113 1102 1162 Paestana
1136 1114 1349 1170 rosaria,
1387 1112 1617 1176 scopulos
1645 1112 1719 1161 Si-

39 1195 81 1230 15
102 1198 352 1233 renarum.
391 1185 442 1232 in
463 1183 757 1247 Campaniae
782 1184 1003 1232 amoenis
1023 1184 1289 1247 antiquitus
1313 1198 1534 1233 nemora.
1575 1182 1719 1233 Phle-

102 1254 239 1316 graei
265 1253 443 1303 dehinc
469 1254 653 1317 campi,
681 1252 1018 1317 habitatioque
1047 1254 1234 1303 Circeia
1262 1253 1547 1309 Terracina,
1576 1255 1718 1317 prius

105 1322 282 1380 insula,
311 1337 444 1372 nunc
471 1326 750 1373 continenti
771 1325 952 1380 iuncta,
980 1323 1288 1387 Rheginique
1315 1323 1377 1372 ab
1407 1323 1571 1373 Sicilia
1599 1338 1719 1372 con-

101 1394 277 1457 tinenti
302 1393 529 1456 separati,
559 1398 705 1458 atque
730 1394 780 1442 in
806 1394 1258 1457 compensationem
1285 1408 1502 1443 conexae
1527 1392 1718 1442 telluris

100 1464 151 1512 in
177 1463 386 1513 insulam
414 1461 643 1527 relegati,
671 1463 900 1512 Formiae
937 1465 1082 1513 etiam
1108 1463 1501 1529 Laestrygonum
1526 1463 1716 1513 habita-

33 1546 81 1580 20
106 1534 236 1583 tione
263 1533 494 1583 famosae.

1736 1577 1869 1618 2066?
1950 1622 1952 1624 ¹

243 1604 351 1653 Hoc
385 1603 497 1653 loco
523 1619 720 1668 possem
749 1605 891 1653 etiam
931 1604 1127 1653 urbium
1166 1619 1464 1668 percurrere
1492 1604 1714 1653 condito·
1748 1636 1831 1675 642

101 1689 199 1729 res,
227 1681 282 1723 ut
307 1689 333 1723 a
361 1674 478 1723 lano
504 1674 802 1732 Ianiculum,
833 1689 858 1723 a
887 1675 1099 1724 Saturno
1126 1675 1344 1732 Latium,
1383 1691 1410 1724 a
1436 1675 1601 1724 Danae
1626 1675 1717 1724 Ar·

99 1745 260 1803 deam,
290 1743 350 1793 ab
378 1744 592 1794 Hercule
618 1745 905 1809 PompeiOS‚
937 1760 1048 1794 cum
1077 1744 1228 1794 boum
1255 1759 1486 1809 pompam
1514 1745 1720 1795 duceret

101 1814 419 1864 Hiberorum.
498 1831 557 1864 ex
593 1815 732 1864 cuius
767 1814 1021 1865 laboribus
1058 1816 1106 1863 in
1133 1815 1334 1879 Liguria
1372 1816 1535 1880 campi
1570 1815 1716 1880 Lapi-

217 1969 240 2017 §
279 1969 358 2008 641
401 1970 648 2009 maximam
686 1972 866 2022 partem
907 1982 961 2010 ex
1005 1968 1162 2010 Solino
1202 1983 1244 2022 p.
1277 1971 1347 2021 39,
1377 1970 1596 2021 20—4o‚
1629 1971 1653 2009 7
1703 1967 1718 2022 ΙΙ

99 2023 518 2120 ἓξὲἷῗκτὲοὸῑὶηο
549 2037 593 2077 p.
626 2026 694 2076 34,
730 2027 868 2066 7-14
899 2030 944 2066 et
972 2039 1017 2079 p.
1041 2027 1111 2077 35,
1136 2028 1161 2067 3
1195 2030 1241 2066 et
1269 2028 1309 2078 5,
1334 2028 1550 2067 9—10<et
1579 2039 1622 2078 p.
1647 2026 1718 2075 36,

214 2249 240 2287 2
273 2254 345 2288 aut
373 2249 454 2289 XL
478 2255 552 2290 aut
573 2247 725 2289 CCCC
757 2251 882 2290 codd.
907 2249 1044 2291 Solini
1086 2254 1269 2291 eentum
1302 2251 1497 2303 triginta
1532 2249 1719 2290 milibus

102 2304 184 2344 BR.
242 2300 261 2357 ΙΙ
318 2307 344 2345 3
376 2305 667 2346 memoranda
697 2306 735 2346 R
772 2302 792 2360 ΙΙ
839 2307 864 2347 5
897 2307 1060 2359 gygnit
1090 2307 1172 2347 BR
1209 2303 1229 2361 11
1269 2309 1294 2347 6
1326 2307 1415 2347 hae
1452 2307 1495 2346 B
1534 2303 1553 2359 [1
1595 2308 1618 2346 7
1651 2306 1718 2346 bi-

102 2359 321 2401 bonensis
341 2359 424 2401 BR
474 2358 493 2414 Η
539 2363 565 2402 8
597 2361 750 2402 solitis
771 2361 833 2402 B¹
872 2358 892 2416 [Ι
930 2363 1129 2403 nubibus
1150 2362 1211 2403 Β1
1260 2359 1279 2416 ΙΙ
1330 2364 1381 2403 12
1414 2361 1672 2414 scyllaeum
1694 2362 1719 2402 b

102 2414 350 2467 syllaetum
375 2415 417 2455 B
461 2416 716 2468 sylleumR
762 2415 784 2472 [l
832 2418 1042 2471 grateide
1065 2419 1147 2460 BR
1194 2416 1214 2473 ΙΙ
1264 2421 1319 2460 13
1348 2418 1653 2472 carybdisque
1676 2417 1719 2458 B

105 2469 411 2523 carypdisque
434 2472 473 2513 R
520 2469 539 2526 {l
592 2474 644 2512 14
674 2478 869 2526 pestana.
891 2474 956 2515 bR
986 2479 1182 2527 pertana
1203 2475 1245 2514 B
1294 2472 1315 2529 ΙΙ
1361 2475 1560 2516 riosaria.
1581 2472 1639 2513 B¹
1679 2470 1701 2528 ΙΙ

105 2528 158 2568 15
190 2539 377 2567 nemora
399 2528 439 2567 D
470 2540 660 2568 numera
681 2529 764 2570 BR
794 2542 973 2570 nunera
994 2531 1018 2570 ὂ
1115 2531 1224 2571 hinc
1249 2530 1533 2583 Campaniae
1566 2541 1718 2570 amoe-

103 2583 281 2623 nissimi
314 2586 495 2623 tractus
520 2584 750 2625 Salmasius
787 2582 808 2639 ΙΙ
855 2586 1016 2638 flegrei
1090 2588 1128 2628 R
1173 2584 1196 2641 ll
1246 2589 1299 2628 27
1330 2586 1588 2628 continenti
1618 2586 1720 2626 iun-

106 2642 182 2679 cta
210 2640 370 2691 scripsi
390 2653 447 2680 ex
468 2640 615 2680 Solino
649 2641 895 2692 cogiuncta
915 2641 958 2681 B
990 2643 1239 2683 coniuncta
1261 2643 1326 2683 &R
1360 2640 1379 2696 ll
1412 2642 1654 2695 reginique
1675 2642 1718 2682 B

53 2722 59 2727 ’
103 2707 154 2788 ”125³
159 2708 219 2805 '³13¹
222 2692 1139 2805 ³333¹³112310¹1¹11affef‘lfmfsssseffialliu¹13⁸ssf15
1141 2698 1609 2797 fflssssmRvssssffiigss
1614 2710 1719 2795 ”¹2⁸3

105 2803 229 2846 haud
257 2807 418 2859 procul
450 2810 550 2852 add.
577 2822 608 2861 p
636 2815 734 2860 post
765 2808 966 2850 Hercule
1007 2806 1020 2861 ΙΙ
1629 2767 1655 2807 q
