1982 3230
767 118 954 160 mnne
982 118 1024 161 v
1602 111 1723 183 147,

82 264 271 332 perssua
297 262 547 314 uidebitur
573 260 841 317 contentio,
870 257 1070 324 quando
1096 273 1197 308 non
1222 259 1344 308 iuris
1371 258 1458 308 sed
1483 257 1707 308 ueritatis

83 335 340 387 altercatio
389 332 639 383 contineat
702 331 1058 396 quaestionem.
1154 329 1251 379 hoc
1301 330 1419 378 uitio
1479 327 1706 394 plerique

83 405 194 457 falsi
216 410 346 456 sunt.

227 474 324 526 Sed
350 479 398 524 et
429 477 631 537 praeter
665 470 776 521 illos
803 476 929 527 tres,
972 483 1098 534 quos
1118 474 1292 520 ,status
1326 470 1543 528 asserui,
1583 468 1706 520 alios
1735 478 1821 520 450

0 557 63 602 :⁵
86 552 320 613 quattuor
356 543 436 594 uel
463 542 682 607 quinque
719 541 780 591 de
818 541 988 604 scripti
1023 538 1255 605 qualitate
1301 548 1558 590 manantes
1597 555 1705 590 esse

85 617 332 668 dixerunt.
407 613 491 679 qui
516 612 631 662 licet
656 627 770 662 suas
800 613 853 660 in
879 610 1121 660 diuisione
1158 624 1335 660 causae
1371 617 1539 673 partes
1577 610 1704 660 obti-
1724 617 1858 660 1456

85 690 250 743 neant,
271 691 439 735 tamen
459 697 728 748 numquam
749 681 1011 747 principali
1030 679 1141 730 loco
1164 689 1451 738 nascuntur,
1477 682 1590 745 quia
1613 681 1707 730 nisi

85 756 234 808 fuerit
267 755 396 820 quod
424 753 691 820 probetur,
729 767 877 801 nemo
903 751 964 802 ad
990 750 1306 817 probandum
1342 752 1517 801 recitat
1542 751 1705 814 legem

87 827 167 878 uel
193 826 406 892 aliquam
433 825 604 890 scripti
629 823 856 873 sormam.
909 822 958 872 id
985 827 1147 872 autem
1176 822 1308 886 quod
1342 822 1583 887 probatur
1608 828 1705 872 sta-

20 909 66 943 10
88 903 166 949 tus
203 903 303 954 est,
340 897 424 961 qui
460 911 520 946 ex
555 895 719 960 primo
757 892 991 943 conflictu
1027 907 1228 956 semper
1255 893 1432 942 existit.
1511 899 1706 943 ceterae

87 965 462 1034 quaestio-<nes
512 966 883 1015 controuersiae
933 963 1014 1013 uel
1049 963 1324 1013 incidentes
1373 971 1488 1014 sunt
1538 964 1704 1029 perhi-

86 1038 296 1089 bendae.

233 1108 313 1158 Sic
336 1108 486 1172 igitur
512 1105 796 1156 inueniendi
824 1111 979 1155 status
1000 1104 1158 1154 facilis
1186 1105 1278 1155 erit
1305 1106 1447 1162 ratio,
1477 1121 1591 1155 cum
1618 1121 1703 1155 ne·
1734 1119 1816 1161 451

90 1194 187 1244 que
212 1192 394 1228 nomen
421 1177 621 1227 admissi
647 1191 808 1241 neque
835 1175 1074 1226 auditoris
1100 1175 1350 1238 officium„
1355 1190 1516 1240 neque
1542 1176 1705 1239 legem

25 1260 70 1292 15
92 1255 178 1300 aut
188 1250 430 1312 scriptum
452 1246 651 1312 aliquod
673 1247 1247 1309 inyert'musmtentionis
1267 1245 1378 1295 loco
1403 1244 1553 1312 [quae
1575 1246 1705 1297 obici

88 1318 311 1385 poterit}
384 1319 550 1382 itaque
576 1316 687 1367 talis
712 1318 918 1366 intentio
948 1314 1228 1366 ‘hominem
1255 1316 1505 1366 occidisti'
1531 1316 1704 1381 depul-

89 1392 163 1439 sio
203 1391 331 1438 ‘non
367 1387 580 1438 occidi’:
629 1388 852 1452 quaestio
891 1403 949 1437 ex
992 1386 1069 1437 his
1107 1388 1265 1437 oritur
1312 1391 1402 1436 ‘an
1440 1388 1704 1438 occiderit'

88 1463 137 1510 in
164 1473 262 1525 quo
299 1464 433 1509 statu
470 1458 563 1508 erit
597 1469 982 1508 CONIECTVRA.
1061 1458 1149 1508 sed
1183 1473 1299 1508 cum
1333 1459 1594 1508 intentioni
1606 1474 1717 1529 „gu-s

89 1531 203 1592 facti
221 1530 510 1594 opposuerit
527 1544 661 1586 reus,
688 1529 742 1578 fit
762 1540 1068 1589 QVALITA&
1090 1535 1184 1578 uta
1198 1527 1378 1579 Milone
1400 1544 1501 1578 non
1522 1529 1703 1579 factum

24 1612 70 1647 ιο
90 1605 302 1664 negatur
326 1599 413 1650 sed
440 1599 501 1650 de
527 1599 642 1650 facti
667 1601 777 1649 iure
805 1601 1054 1649 contentio
1083 1606 1172 1650 est.
1227 1600 1467 1650 occidisse
1493 1601 1624 1649 enim
1651 1616 1705 1650 se

90 1669 335 1722 fatebatur
363 1669 623 1734 Clodium>
658 1670 743 1720 sed
779 1670 828 1719 id
862 1671 969 1720 iure
1007 1670 1199 1720 fecisse.
1275 1670 1391 1720 huic
1428 1668 1706 1734 depulsioni

90 1740 333 1792 subicitur
358 1742 509 1797 ratio,
538 1755 664 1805 quae
691 1755 791 1789 non
817 1755 914 1790 una
939 1739 1212 1805 simplexne
1238 1747 1327 1790 est.
1403 1755 1515 1789 nam
1542 1746 1709 1805 potest

89 1826 247 1863 unum
288 1816 435 1876 atque
477 1810 608 1861 idem
656 1811 840 1861 sactum
881 1817 1090 1876 propter
1128 1810 1291 1861 uarias
1327 1825 1500 1861 causas
1546 1811 1707 1861 uideri

92 1880 375 1947 probabile,
413 1888 467 1932 ut
493 1881 587 1930 hoc
621 1881 753 1931 idem
781 1881 911 1946 quod
938 1880 1277 1931 insidiatorem
1312 1882 1566 1932 occiderat
1590 1881 1706 1932 Milo

27 1965 72 2009 25
93 1966 189 2002 una
217 1953 342 2002 ratio
368 1952 486 2010 fuit,
513 1950 604 2001 alia
627 1951 761 2015 quod
784 1951 977 2001 bostem
1013 1952 1086 2001 rei
1110 1951 1337 2016 publicae
1361 1959 1410 2001 et
1434 1952 1707 2017 tyrannidis

93 2023 406 2073 affectatione
431 2030 714 2086 suspectum
742 2037 794 2071 se
819 2023 1129 2072 interemisse
1154 2022 1478 2072 memorabat.
1527 2025 1578 2072 in
1597 2026 1706 2088 qui-

91 2093 189 2142 bus
225 2093 425 2143 assertis
449 2093 502 2141 fit
528 2093 726 2158 quidem
755 2091 962 2157 qualitas
996 2092 1083 2142 sed
1110 2092 1337 2142 diuersae
1372 2095 1566 2158 species
1603 2094 1708 2143 eius

95 2168 375 2228 erumpunt.
450 2178 565 2213 nam
591 2164 750 2228 prima
785 2162 1008 2220 relatiua,
1038 2161 1188 2213 altera
1227 2164 1562 2227 comparatiua
1588 2179 1707 2229 qua-

92 2231 203 2284 litas
228 2233 397 2297 fulget.
473 2233 606 2298 quod
631 2234 673 2284 si
707 2235 970 2283 intentioni
1005 2248 1106 2284 non
1130 2234 1209 2283 ius
1234 2234 1350 2284 sacti
1386 2235 1473 2285 sed
1509 2236 1709 2298 negatio

29 2315 73 2351 ao
95 2305 308 2354 nominis
342 2309 641 2369 opponatur,
678 2306 904 2370 quamuis
943 2305 1136 2370 negatio
1166 2304 1471 2369 depulsionis
1497 2307 1607 2355 uice
1635 2305 1707 2353 di-

210 2503 235 2542 3
266 2504 372 2542 sunt
403 2513 469 2543 om
487 2498 605 2541 B¹R¹
645 2497 664 2554 Η
711 2502 738 2540 4
769 2500 852 2541 sed
880 2503 1068 2554 praeter
1087 2501 1126 2542 R
1169 2498 1190 2556 ll
1241 2503 1293 2542 15
1323 2502 1576 2555 ingerimus
1606 2502 1666 2542 ad
1700 2531 1710 2541 .

95 2558 238 2599 Halm.
269 2554 291 2613 u
322 2569 439 2610 quae
462 2557 655 2597 Halmius
686 2556 764 2608 qui
781 2557 840 2608 B,
859 2570 938 2600 om.
959 2557 1023 2598 Rb
1056 2553 1078 2611 Η
1113 2558 1479 2611 quae—poterit
1508 2559 1647 2599 deleui

98 2615 151 2655 16
179 2613 378 2655 intentio
410 2617 481 2654 est
510 2613 534 2653 b
574 2609 593 2665 ΙΙ
634 2614 685 2654 17
706 2612 746 2653 is
767 2613 808 2652 D
848 2610 867 2666 ΙΙ
904 2614 958 2653 21
990 2613 1230 2654 fatebatur
1249 2614 1316 2655 Db
1347 2614 1572 2655 fatebitur
1595 2613 1634 2653 B

96 2671 152 2711 22
175 2673 247 2712 est
262 2670 457 2711 Halmius
478 2670 540 2710 sit
559 2669 641 2710 BR
667 2664 688 2723 ΙΙ
720 2671 874 2722 potest
891 2668 934 2708 B
954 2669 1112 2722 postR
1137 2666 1159 2723 ΙΙ
1185 2671 1241 2710 25
1274 2673 1320 2711 et
1340 2671 1422 2711 del.
1440 2670 1645 2711 Christius
1672 2668 1679 2723 1

97 2727 154 2768 26
204 2725 504 2768 affectatione
546 2726 720 2767 Grotius
760 2724 1007 2766 affectione
1038 2724 1121 2766 BR
1175 2722 1199 2780 ss
1252 2729 1519 2779 suspectum
1554 2727 1714 2779 scripsi

113 2780 246 2833 (Veu.
272 2786 314 2831 2,
336 2786 407 2830 35,
428 2782 477 2835 3)
489 2794 761 2824 succensum
792 2781 875 2822 BR.
918 2778 939 2835 Η
984 2783 1038 2822 27
1072 2782 1265 2823 assertis
1293 2781 1344 2823 fit
1363 2784 1404 2823 D
1435 2784 1712 2824 assertisunt

102 2837 187 2879 BR
217 2840 407 2880 assertis
440 2842 510 2880 est
539 2839 563 2879 b
586 2835 621 2893 ‘ll
669 2841 725 2880 30
756 2841 1016 2891 apponatur
1044 2836 1127 2879 BR
1155 2851 1269 2882 corr.
1291 2853 1322 2892 p
1361 2835 1380 2893 ΙΙ
1428 2839 1712 2894 depulsionis

101 2894 208 2935 uice
241 2894 316 2947 (ue
346 2894 419 2949 12¹)
453 2894 636 2937 dicatur
667 2895 731 2936 Rb
763 2894 1023 2948 depulsioni
1054 2894 1325 2936 subdieatur
1355 2895 1398 2935 B
1446 2892 1466 2950 ΙΙ

1261 2962 1368 3016 10*
