1982 3230
1742 13 1747 17 Α
1802 0 1822 12 ·‘
1838 4 1862 10 ψ
1880 0 1982 45 ..1:·Q

344 121 526 164 LXIIII
612 120 829 164 PRAEF.
851 121 917 162 IN
937 119 1069 164 SOH.
1091 119 1175 162 AD
1197 118 1365 163 GAES.
1391 117 1842 167 GERM.·ARATEA

490 248 759 297 Vniuersus
782 247 938 296 codex
965 247 1024 296 ab
1048 244 1223 297 eodeni
1247 247 1449 299 homine
1476 256 1703 300 exaratus
1729 259 1803 301 est
1822 266 1967 317 prae—

346 339 422 383 ter
460 334 679 397 primum
715 330 957 381 scholium
994 333 1131 382 cuius
1173 332 1328 382 uerba
1366 326 1636 384 herodotus
1669 337 1843 386 Iouem
1869 339 1966 389 ,di-

345 425 480 467 ctum
507 430 632 466 aera
658 431 814 481 usque
840 416 901 465 ad
930 416 996 482 (p.
1014 414 1132 475 379,
1150 415 1229 482 19)
1259 433 1371 468 cum
1395 423 1459 468 εᾶ
1484 433 1637 468 arcas
1656 422 1794 478 filius
1821 419 1965 471 aliam

346 516 551 550 manum
577 500 857 550 ostendunt.
1577 569 1586 575 .

489 583 690 635 Duobus
724 585 860 635 hisce
897 585 1147 635 codicibus
1183 587 1394 651 genuina
1430 586 1731 638 scholiorum
1767 590 1964 639 confor-

345 671 495 719 matio
536 670 829 719 continetur.
892 671 980 720 sed
1005 678 1266 735 praeterea
1305 672 1470 721 medio
1509 687 1632 722 aeuo
1670 673 1963 737 interpolata

344 753 823 813 circumferebantur
868 754 1119 804 codicibus
1164 770 1264 805 non
1307 755 1481 812 nullis,
1528 756 1588 806 de
1631 756 1809 822 quibus
1846 757 1965 808 dixit

344 837 711 904 Breysigius
739 837 816 902 (de
844 839 895 888 P.
918 839 1096 903 Nigidii
1116 839 1168 889 F.
1194 841 1483 903 fragmentis
1509 839 1640 906 apud
1667 841 1961 893 scholiasten

341 923 627 973 Germanici
671 925 879 973 seruatis
916 923 1135 974 Berolini
1174 922 1338 982 1854,
1375 941 1422 989 p.
1455 924 1519 990 7).
1586 940 1646 974 ex
1678 924 1763 975 tali
1800 926 1961 992 aliquo

304 1026 313 1038 ¹
345 1007 515 1056 codice
540 1006 691 1056 Aldus
717 1023 761 1056 a.
791 1005 928 1057 1499
955 1008 1138 1058 scholia
1167 1009 1320 1061 edidit
1345 1024 1501 1075 eaque
1528 1009 1682 1059 forma
1712 1025 1868 1074 usque
1896 1012 1957 1060 ad

342 1091 574 1141 Buhlium
603 1098 651 1140 et
678 1092 1001 1150 Lemairium‚
1031 1094 1117 1158 qui
1151 1094 1388 1158 postremi
1416 1108 1471 1143 ea
1498 1093 1774 1152 ediderunt,
1815 1110 1961 1151 occu·

342 1176 479 1240 pauit
505 1192 802 1241 quamquam
838 1179 982 1227 tertia
1019 1177 1125 1227 fere
1160 1183 1301 1242 parte
1341 1178 1504 1227 minor
1531 1184 1580 1227 et
1617 1178 1959 1230 incredibilem

340 1261 394 1308 in
420 1259 622 1309 modum
650 1266 697 1310 et
723 1268 956 1326 corrupta
983 1267 1030 1310 et
1054 1261 1362 1326 interpolata.
1421 1269 1584 1311 tamen
1610 1262 1720 1312 fieri
1744 1278 1846 1313 non
1870 1279 1959 1328 po·

341 1345 436 1392 tuit
471 1345 590 1408 quin
625 1343 808 1409 aliquot
854 1344 951 1394 loci
998 1352 1134 1396 recte
1181 1346 1579 1396 emendarentur.
1642 1348 1804 1413 itaque
1843 1349 1960 1398 satis

338 1427 501 1477 habui·
518 1429 738 1478 codicem
752 1428 1035 1479 Vrbinatem
1047 1427 1183 1481 1358
1203 1430 1673 1495 saec.XVscriptum
1686 1437 1734 1481 et
1753 1447 1781 1480 a
1799 1432 1957 1481 Wol-

342 1527 501 1576 gang
518 1528 546 1561 o
573 1512 869 1577 Helhigio
897 1513 1255 1578 in'Kiesslingii
1294 1530 1439 1564 usum
1465 1530 1578 1564 cum
1614 1515 1838 1579 exemplo
1865 1516 1956 1566 Le·

338 1597 580 1645 maii-iano
602 1596 846 1655 collatum,
868 1597 939 1647 ibi
958 1597 1159 1649 laudare
1184 1598 1269 1648 ubi
1289 1597 1501 1663 aliquam
1527 1599 1753 1649 codicum
1773 1599 1853 1650 BP
1873 1600 1957 1650 de-

337 1682 684 1744 prauationem
708 1681 950 1732 sublatam
975 1684 1159 1732 inueni.
1224 1690 1483 1748 praeterea
1516 1683 1798 1748 interpolati
1822 1684 1955 1734 codi-

342 1779 424 1814 ces
450 1764 658 1815 Vrbinas
699 1772 745 1815 et
782 1767 1095 1817 Strozzianus
1137 1767 1215 1832 (de
1251 1784 1345 1832 quo
1385 1768 1483 1817 uid.
1522 1768 1802 1833 Breysigius
1837 1767 1869 1817 l.
1896 1767 1953 1834 l.)

342 1850 593 1898 continent
618 1849 802 1900 scholia
825 1852 873 1900 in
897 1852 1218 1916 Prognostica
1246 1868 1306 1901 ex
1326 1851 1480 1911 Plinio
1508 1852 1731 1910 conflata,
1752 1868 1877 1917 quae
1902 1854 1955 1902 in

338 1933 420 1982 BP
455 1948 556 1983 non
579 1933 826 1997 leguntur.
867 1951 924 1985 ea
950 1952 1062 1985 cum
1088 1936 1370 2001 Breysigius
1395 1951 1553 2002 nuper
1579 1936 1706 1986 bene
1732 1936 1953 1994 ediderit,

342 2017 527 2082 (progr.
575 2017 909 2069 Posnaniense
954 2017 1106 2084 1865)
1152 2021 1235 2070 hic
1279 2021 1545 2070 omittenda
1591 2027 1746 2070 erant.
1811 2021 1952 2070 omisi

342 2102 487 2150 etiam
515 2102 739 2151 codicum
766 2102 844 2151 BP
864 2107 1017 2153 aliam
1038 2107 1425 2167 descriptionem
1445 2105 1791 2167 praefationis
1817 2104 1954 2169 (uide
1978 2169 1982 2173 ¹

339 2200 387 2248 p.
412 2184 574 2250 LXlll)
603 2201 730 2250 quae
768 2186 950 2237 scholia
995 2189 1175 2253 excipit
1199 2187 1353 2237 multo
1380 2189 1659 2254 recentiore
1686 2195 1847 2238 aetate
1889 2203 1982 2253 θὶς-ψ,

333 2269 540 2318 Graecis
567 2270 627 2319 de
664 2273 964 2320 astronomia
990 2272 1316 2336 scriptoribus
1352 2273 1639 2326 confectam.
1688 2287 1844 2322 unum
1868 2287 1975 2322 re-·

340 2359 436 2402 stat
488 2354 619 2418 quod
662 2369 890 2405 moneam
936 2356 1236 2406 scholiorum
1284 2358 1625 2407 recensionem
1675 2340 1982 2471 absolutam*

264 2495 267 2500 ,
339 2438 489 2488 fuisse
516 2454 626 2488 cum
670 2438 911 2504 Breysigii
954 2441 1350 2492 emendationum
1387 2441 1569 2506 (progr.
1615 2440 1982 2511 posnaniense-g

340 2519 493 2586 1865)
521 2522 714 2572 libellus
731 2525 923 2588 'prodiit
949 2531 1001 2574 ut
1019 2524 1161 2574 facile
1181 2527 1323 2575 uenia
1348 2525 1687 2590 neglegentiae
1707 2513 1982 2585 conceda-ss

340 2615 418 2655 tur
439 2606 597 2656 sicubi
615 2623 780 2658 meum
805 2612 989 2672 scripsi
1011 2625 1122 2658 cum
1147 2608 1275 2660 illius
1311 2611 1511 2664 nomine
1535 2616 1727 2660 mutare
1763 2608 1946 2658 oblitus
1975 2611 1982 2624 ⁷

334 2705 463 2739 sum.
504 2690 728 2749 lectionis
754 2674 1041 2743 uarietatem
1067 2709 1126 2743 ex
1146 2693 1224 2743 BP
1240 2693 1436 2758 plenam
1462 2694 1700 2758 adscripsi
1723 2700 1943 2757 praeter-

329 2788 486 2836 quam
523 2776 653 2840 quod
679 2784 919 2839 quattuor
938 2780 1058 2839 duo,
1090 2777 1264 2828 similia
1288 2793 1389 2827 non
1414 2779 1582 2827 notaui
1607 2779 1658 2827 in
1679 2777 1833 2828 altero
1860 2792 1943 2827 co·
1959 2793 1971 2850 ,ἦ

339 2857 446 2906 dice
473 2859 646 2917 scribi,
676 2864 718 2912 si
738 2878 796 2911 ex
823 2861 975 2913 altero
1000 2877 1286 2926 receperam
1312 2862 1412 2917 1111,
1442 2862 1499 2911 ΙΙ.
1967 2852 1970 2865 ²
