1982 3230
265 599 318 638 22

261 1554 317 1593 23

204 2336 316 2376 106

1206 34 1227 51 π

355 96 422 149 10
471 59 475 62 ⁵
828 94 1127 137 MARTIANI
1157 62 1476 139 cAPELLAE

459 237 587 303 quod
615 237 781 301 superi
805 235 1010 285 uoluere
1035 234 1175 285 licet:
1204 236 1265 286 de
1290 243 1491 302 pectore
1517 238 1627 288 fixis
1922 271 1925 278 ι

456 311 749 372 praeoptare
776 311 931 356 caret:
959 307 1029 356 sic
1055 306 1186 373 quod
1210 306 1371 372 placet
1395 313 1540 374 atque
1563 302 1802 376 <necesse
1825 315 1915 363 est..

458 377 545 428 sed
571 377 659 426 tibi
685 376 816 442 quod
841 376 1061 426 nondum
1088 378 1222 427 uenit
1247 393 1479 429 mansura
1508 378 1749 437 uoluntas,

461 447 718 498 consilium
744 447 818 497 uis
844 447 977 498 ferre
1001 462 1191 497 meum:
1220 449 1291 497 sic
1317 463 1511 514 semper
1542 449 1603 500 ad
1629 465 1775 501 omne

455 517 583 567 uelle
609 519 745 583 capis
770 519 982 575 socium,
1011 518 1196 570 faciunt
1221 524 1364 584 atque
1391 520 1551 570 addita
1576 527 1808 571 mentem.

458 597 531 639 est
554 590 703 653 igitur
729 589 879 652 prisci
905 590 1099 653 generis
1125 589 1408 639 doctissima
1433 591 1576 655 uirgo

459 660 653 709 conscia
679 659 910 717 Parnase,
940 661 1019 710 cui
1043 658 1230 723 fulgent
1257 660 1417 710 sidera
1445 667 1613 713 coetu:

458 731 538 780 cui
563 745 656 779 nec
682 730 945 780 Tartareos
972 729 1182 780 claustra
1210 730 1456 781 occultare
1481 747 1708 782 recessus

456 816 551 850 nec
575 801 707 850 Iouis
732 800 990 851 arbitrium
1014 799 1262 860 rutilantia
1290 801 1492 851 fulmina
1518 809 1737 867 possunt,

455 871 716 935 fluctigena
742 878 969 935 spectans
994 871 1149 937 qualis
1174 871 1265 922 sub
1293 873 1486 937 gurgite
1512 872 1716 930 NereuS‚
1970 885 1982 916 1

456 956 680 1007 quaeque
707 947 817 991 tuos
842 944 973 992 norit
996 943 1202 992 fratrum
1228 958 1318 1008 per
1343 957 1494 1006 regna
1524 958 1772 1001 recursus,

457 1012 669 1077 peruigil
695 1013 940 1062 inmodico
967 1019 1233 1077 penetrans
1260 1028 1439 1063 arcana
1464 1013 1647 1072 labore,

456 1097 582 1146 quae
606 1085 761 1148 possit
786 1082 928 1133 docta
953 1090 1107 1133 totum
1134 1089 1452 1148 praeuertere
1479 1099 1598 1133 cura

456 1154 587 1218 quod
614 1155 808 1218 superis
833 1155 1081 1219 praescire
1109 1154 1301 1203 datum:
1330 1155 1448 1219 quin
1476 1154 1697 1204 crebrius
1722 1155 1773 1204 in
1800 1169 1890 1204 nos

455 1226 531 1273 ius
557 1223 707 1273 habet
731 1224 811 1273 illa
840 1225 960 1274 deos
988 1239 1170 1288 urgens
1196 1226 1247 1272 in
1272 1225 1402 1274 iussa
1430 1231 1626 1274 coactos
1970 1236 1982 1267 1

458 1293 540 1360 et>
566 1295 697 1358 quod
723 1293 854 1344 nulla
881 1301 1027 1360 queat
1053 1309 1286 1358 superum
1313 1300 1557 1359 temptare
1582 1301 1814 1359 potestaS‚

455 1366 609 1414 inuito
636 1366 726 1414 scit
750 1379 894 1429 posse
918 1365 1046 1414 love.
1075 1371 1202 1414 stent
1227 1364 1379 1414 ardua
1406 1380 1609 1429 magno:

454 1434 746 1484 alterutrum
774 1435 990 1485 cumulat
1014 1434 1218 1500 parilem
1245 1436 1486 1485 meruisse
1510 1434 1738 1500 iugalem.

486 1547 573 1597 His
598 1548 832 1612 Apollinis
858 1548 997 1597 dictis
1030 1547 1326 1597 laetabunda
1361 1547 1525 1597 Virtus
1562 1548 1693 1612 quod
1730 1554 1829 1597 tam
1865 1564 1946 1598 ex-

349 1617 568 1668 cellentis
602 1619 806 1683 uirginis
835 1633 1031 1668 suasum
1069 1618 1203 1667 uidet
1238 1633 1343 1667 esse
1375 1619 1684 1682 coniugium,
1725 1625 1778 1667 ut
1822 1617 1982 1668 nihil'2

348 1690 582 1739 amissum
609 1705 668 1738 ex
694 1703 842 1753 supra
869 1690 1110 1739 dictarum
1138 1689 1340 1738 duceret
1367 1688 1626 1752 dignitate,
1667 1704 1847 1738 nomen
1871 1695 1944 1739 ta·

349 1775 464 1809 men
492 1760 595 1809 eius
619 1760 837 1824 inquirit.
875 1760 1006 1824 quod
1032 1758 1117 1808 ubi
1143 1760 1377 1822 cognouit
1401 1759 1722 1824 Philologiam
1750 1774 1857 1810 esse
1884 1759 1946 1810 de

348 1846 443 1895 qua
469 1829 644 1880 foedus
668 1831 905 1887 instabat,
931 1835 1064 1879 tanta
1092 1828 1418 1893 gratulatione
1444 1829 1791 1894 alacritateque
1828 1844 1946 1879 con·

351 1902 547 1958 cutitur,
574 1908 628 1950 ut
653 1900 900 1964 aliquanto
929 1901 988 1949 de
1013 1900 1230 1963 ingenito
1264 1901 1432 1962 rigore
1470 1900 1774 1950 descendens
1800 1903 1944 1950 etiam

347 1986 559 2035 corpore
583 1977 883 2020 moueretur.
937 1972 1116 2035 quippe
1143 1971 1471 2035 propinquam
1499 1985 1605 2021 esse
1641 1985 1938 2020 commemo·
1961 1981 1982 2012 2

346 2049 422 2090 rat
451 2047 498 2090 et
521 2040 743 2091 laudatae
768 2040 895 2090 illius
921 2040 1154 2090 Mantices
1179 2046 1437 2104 patronam
1471 2042 1522 2089 in
1555 2042 1711 2105 ipsam
1748 2055 1944 2104 quoque

348 2111 581 2175 Sophiam
607 2110 920 2174 supellectilis
955 2109 1136 2159 multae
1170 2112 1570 2160 remuneratione
1603 2111 1942 2174 largissimam.

346 2196 459 2230 nam
510 2180 695 2244 Ψυχὴν
734 2180 966 2230 incultam
1002 2196 1058 2230 ac
1102 2179 1259 2228 ferino
1307 2195 1445 2229 more
1492 2187 1770 2230 uersantem
1815 2180 1945 2245 apud

346 2252 474 2301 hanc
509 2253 682 2301 asserit
718 2250 1002 2315 expolitam,
1040 2253 1104 2299 ita
1132 2256 1183 2299 ut
1209 2250 1367 2315 siquid
1394 2250 1773 2314 pulchritudinis
1799 2265 1943 2300 orna-

346 2329 520 2387 tusque
579 2328 793 2385 gestaret
854 2337 913 2371 ex
955 2320 1255 2384 Philologiae
1299 2320 1391 2370 sibi
1428 2320 1641 2370 cultibus
1686 2321 1940 2383 arrogarit,
1965 2330 1982 2364 3

349 2408 474 2457 quae
500 2394 546 2442 ei
570 2398 754 2441 tantum
784 2392 1069 2441 adfectionis
1096 2390 1388 2455 impenderit
1414 2399 1467 2440 ut
1502 2407 1607 2441 eam
1633 2406 1828 2456 semper
1853 2392 1944 2440 im-

347 2463 604 2512 mortalem
650 2462 813 2512 facere
855 2462 1107 2511 laborarit.
1186 2460 1306 2510 nihil
1360 2463 1509 2525 igitur
1562 2461 1941 2518 immorandum,

462 2608 483 2646 1
523 2605 582 2645 da
611 2607 800 2657 pectora
831 2603 910 2643 RB
959 2602 1014 2642 de
1046 2606 1236 2655 pectora
1266 2601 1289 2641 b
1338 2599 1357 2654 Π
1405 2604 1430 2642 2
1467 2577 1536 2645 s.
1564 2602 1684 2654 quod
1712 2602 1874 2654 seripszt
1903 2602 1946 2642 si

347 2662 466 2712 quod
486 2661 567 2702 RB
598 2663 637 2702 si
668 2660 773 2713 quid
803 2662 925 2712 uulyo
959 2657 977 2712 Η
1017 2661 1042 2700 3
1073 2658 1153 2698 sed
1183 2658 1268 2698 tibi
1299 2657 1402 2698 dum
1435 2658 1543 2710 quia
1572 2671 1661 2698 non
1691 2659 1818 2699 uenit
1839 2659 1879 2696 D
1905 2653 1925 2712 Η

346 2720 373 2756 4
405 2718 461 2758 ad
490 2731 621 2758 omne
651 2719 808 2769 scripsi
838 2716 895 2755 ab
928 2716 1048 2755 omni
1078 2714 1161 2754 BD
1201 2712 1220 2767 Η
1260 2716 1284 2753 7
1316 2715 1531 2766 parnasio
1553 2714 1637 2754 BD
1676 2710 1696 2767 Η
1734 2715 1760 2754 8
1790 2726 1942 2754 recus-

346 2786 423 2812 sus
454 2775 493 2812 D
549 2771 569 2827 Η
627 2775 678 2814 13
716 2775 977 2825 peruertere
1009 2773 1049 2812 D
1104 2767 1122 2824 [l
1180 2772 1231 2811 15
1270 2782 1468 2822 urguens
1498 2771 1540 2809 D
1592 2766 1614 2823 ss
1671 2771 1721 2809 17
1763 2773 1814 2809 ut
1843 2775 1943 2810 ante

346 2833 470 2868 stent
501 2831 601 2870 add.
642 2831 867 2870 Vulcanius
915 2825 934 2882 ss
981 2830 1034 2869 20
1071 2827 1247 2867 uiditR
1295 2823 1314 2879 ΙΙ
1363 2827 1416 2866 26
1448 2826 1672 2866 mantices
1703 2825 1784 2866 RB
1814 2838 1944 2866 man-

347 2885 452 2924 ticis
484 2899 507 2924 r
553 2883 574 2939 Π
622 2888 674 2925 27
721 2885 912 2938 sophian
943 2885 980 2924 R
1016 2880 1037 2937 Π
