1982 3230
255 110 476 154 XXVIII
534 109 880 152 PRAEFATIO
912 110 978 151 IN
1007 108 1372 151 MARTIANVM
1403 108 1734 152 CAPELLAM
1781 83 1788 123 3
1946 115 1982 179 ’Ἰ

279 238 377 287 dixi
414 235 676 302 legendum
717 251 824 286 esse
863 238 1182 298 aequalibus‘,
1224 235 1344 286 illud
1383 235 1501 299 (scil.
1528 235 1804 303 equalibus)
1841 237 1892 288 in
1964 189 1982 215 ε

278 322 372 371 hoc
400 322 568 371 codiee
595 320 789 384 legitur.

419 406 798 469 Reginensis
838 402 975 455 1452
1011 403 1284 454 membran.
1315 419 1442 453 saec.
1471 403 1555 452 XV
1582 403 1893 470 (³Astrologia
1964 444 1982 477 γ.

276 490 550 554 martiani')
580 490 669 538 fuit
693 488 956 538 Alexandri
982 488 1170 538 Petauii
1197 489 1421 536 senioris

334 628 338 630 ,
419 586 965 651 Cantabrigiensis
990 585 1025 635 2
1054 588 1118 650 (in
1147 585 1361 648 Collegio
1390 587 1438 636 S.
1463 586 1715 638 Trinitatis
1741 586 1890 637 Catal.
1953 573 1974 594 '⁴

276 670 410 721 MSS.
440 671 657 733 Angliae,
686 672 720 728 l,
750 670 797 721 3.
826 668 945 722 395.
975 668 1023 734 6)
1055 671 1134 719 (Μ.
1166 670 1215 720 C.
1246 670 1305 719 de
1332 669 1644 734 Astrologia.'

393 770 976 836 ‘Burscoughianus
1040 769 1179 831 (libri
1230 784 1345 819 mss,
1397 769 1661 819 reuerendi
1711 769 1894 820 domini
1942 827 1947 835 Ι

278 854 588 917 Burscough.
619 856 719 905 Cat.
749 854 882 903 MSS.
913 853 1054 918 Angl.
1082 854 1139 909 ΙΙ,
1173 853 1216 909 1,
1246 850 1399 903 9169.
1438 851 1487 918 8)
1527 853 1617 902 (Μ.
1648 853 1698 903 C.
1726 853 1892 903 Astro-
1974 891 1977 893 -

278 939 478 987 nomia?

418 1022 818 1072 Colbertinus
863 1021 898 1071 4
951 1022 1239 1088 (Montfauo.
1289 1022 1355 1079 ΙΙ,
1416 1023 1546 1072 inter
1583 1022 1892 1073 Colbertinos
1940 1020 1945 1022 ⁷

274 1122 321 1156 n.
352 1105 506 1173 6596)
537 1107 617 1155 (Μ.
648 1108 698 1156 C.
726 1106 1039 1170 Astrologia.'

416 1207 447 1254 S
462 1221 485 1254 3
501 1221 532 1253 n
546 1221 575 1269 g
589 1222 614 1255 e
626 1221 651 1253 r
665 1221 711 1253 m
725 1221 750 1254 3
763 1221 795 1253 n
808 1222 834 1254 e
847 1221 878 1254 n
891 1207 975 1254 sis
997 1203 1030 1255 3
1061 1205 1246 1270 (Montf.
1269 1206 1326 1262 ΙΙ,
1349 1183 1479 1255 inter
1495 1206 1685 1270 Sgerm.
1707 1222 1753 1254 n.
1766 1202 1890 1269 644)

275 1289 355 1337 (Μ.
387 1290 435 1338 C.
467 1289 527 1337 de
552 1291 902 1338 Astronomia.'

414 1386 769 1436 Puteaneus
833 1388 912 1449 (C.
953 1388 1164 1438 Boetsoh
1202 1387 1591 1451 disputseireul.
1633 1388 1693 1436 de
1722 1387 1891 1437 Solino
1974 1360 1982 1381 Ἴ

280 1471 485 1520 Altdors.
519 1469 653 1522 1693
681 1487 728 1535 p.
757 1469 840 1534 23>
871 1472 964 1520 (Μ.
997 1472 1046 1520 C.
1076 1471 1157 1520 lib.
1189 1472 1249 1520 de
1276 1473 1527 1536 sphaera?

415 1568 918 1618 vindobonensis
959 1569 1355 1635 (CCCXXXXIIII
1390 1569 1694 1634 Endlicheri)
1733 1584 1892 1635 usque
1979 1591 1982 1594 ⁴

274 1653 334 1701 ad
369 1669 415 1717 p.
453 1650 555 1702 297
593 1654 728 1703 Grot.
778 1654 950 1703 <flexio
997 1655 1142 1718 aequi
1178 1654 1404 1704 natialem
1452 1670 1610 1719 paene
1648 1655 1890 1704 directum
1980 1702 1982 1723 Σ

274 1741 444 1786 secat.⁹

878 1822 1073 1871 Nonum
1100 1820 1282 1870 librum

413 1905 899 1968 Bambergensis
926 1921 975 1954 n.
1004 1904 1134 1963 393,
1164 1908 1262 1956 uid.
1292 1921 1339 1970 p.
1368 1907 1509 1955 XVII.

412 2003 574 2053 Verbo
600 2010 794 2066 tangam
821 2004 1298 2067 impudentissimam
1329 2006 1621 2070 Casparis
1646 2005 1891 2056 Barthii
1969 2015 1982 2028 ⁵

274 2087 520 2144 fraudem,
560 2101 651 2149 qua
691 2087 769 2136 uel
807 2086 855 2135 C.
888 2087 938 2135 F.
968 2087 1251 2137 Hermanno
1294 2088 1463 2152 (praef.
1495 2089 1571 2137 ed.
1602 2089 1888 2154 Koppianae

273 2185 320 2234 p.
349 2171 410 2219 VI
436 2170 526 2235 sq.)
565 2171 811 2234 imposuit.
862 2186 984 2234 quos
1012 2174 1140 2220 enim
1171 2172 1400 2221 thesauro
1437 2172 1530 2222 sibi
1567 2172 1881 2223 ‘chariores’

273 2255 466 2303 codices
491 2254 570 2303 uel
599 2258 787 2303 (638636
815 2257 1133 2318 antiquitatis'
1163 2255 1365 2305 laudare
1393 2256 1544 2312 solet,
1577 2258 1645 2306 eis
1670 2262 1768 2306 tam
1791 2259 1882 2306 mi·
1932 2275 1934 2277 >

270 2337 441 2387 rabilis
467 2337 733 2387 similitudo
763 2353 874 2387 oum
914 2340 1067 2403 ipsius
1095 2340 1283 2388 Barthii
1311 2346 1586 2389 contortam
1614 2340 1888 2410 uerborum

270 2420 595 2485 stribliginem
621 2423 893 2471 adamantis
916 2412 1340 2473 emendationibus
1366 2425 1641 2481 intercedit,
1669 2431 1723 2473 ut
1742 2424 1887 2474 hodie
1980 2470 1982 2475 .

271 2507 351 2554 uix
390 2507 604 2555 inueniri
629 2513 796 2573 putem
826 2508 910 2570 qui
947 2505 1014 2554 illi
1041 2507 1210 2556 credat
1246 2509 1295 2556 in
1322 2509 1482 2558 diruto
1519 2507 1679 2573 aliquo
1717 2523 1888 2558 mona·

270 2591 420 2639 sterio
466 2620 531 2629 —
572 2591 614 2640 si
649 2591 797 2640 modo
834 2598 968 2640 recte
1005 2593 1206 2641 memini
1248 2621 1305 2627 —
1359 2594 1480 2640 istos
1515 2593 1743 2641 inuentos
1780 2607 1888 2642 esse

269 2673 541 2723 thesauros

410 2758 610 2807 Primus
631 2748 886 2824 ‘Capellam
925 2761 1174 2823 enarranit
1208 2760 1307 2808 Ioa
1327 2775 1473 2809 nnes
1501 2761 1682 2810 Scotu
1699 2776 1721 2810 s
1746 2760 1886 2809 Eri-

269 2854 451 2904 gena,
507 2844 644 2891 cuius
683 2845 1033 2907 expositionem
1071 2851 1313 2893 memorat
1338 2843 1566 2893 Labheus
1601 2843 1721 2893 hihi.
1761 2858 1905 2897 nour
