1982 3230
3 0 124 116 T
764 67 950 109 mmm
979 67 1049 109 111
1375 41 1380 46 ’
1647 65 1716 118 71

297 146 320 159 d

35 232 49 236 ⁷*
103 209 220 260 laris
257 224 358 259 non
396 209 575 259 crescit
611 206 795 273 syllaba
834 214 887 257 ut
924 207 1096 257 labes
1136 207 1215 258 uel
1254 223 1484 258 crescens
1522 207 1560 256 E
1599 223 1717 272 pro-

104 281 300 330 ductam
339 285 451 329 ante
490 277 708 328 ultimam
748 277 986 343 syllabam
1023 279 1205 328 retinet
1243 286 1296 328 ut
1333 279 1510 344 quies
1542 278 1715 342 quie·

103 351 199 400 tis.
258 365 373 399 nam
417 350 459 399 si
505 364 613 399 eam
660 349 711 397 in
757 349 776 397 l
823 349 1088 398 mutauerit
1134 354 1187 398 ut
1238 347 1418 398 miles
1467 346 1717 405 militis,

104 427 188 472 aut
233 419 528 484 corripuerit
571 426 627 468 ut
673 432 854 482 seges
890 419 1147 483 segetis,
1196 420 1462 484 corripitur
1500 419 1720 484 exceptis

36 485 182 541 ,shis
220 492 405 542 Ceres
451 504 558 554 pes
606 495 753 552 atque
788 489 865 538 his
902 487 1160 538 similibus,
1237 499 1290 540 IS
1335 490 1501 539 finitus
1525 488 1718 539 .breuis

107 568 182 611 est
216 566 271 610 ut
306 559 504 624 agilis,
582 571 650 610 OS
690 560 982 609 terminatus
1019 566 1138 608 tunc
1177 565 1251 609 est
1288 560 1338 607 in
1377 559 1563 608 Latinis
1601 559 1715 609 bre·

22 639 25 644 '
105 631 195 689 uis,
246 646 357 680 cum
406 631 650 693 genitiuus
685 638 798 679 ante
849 628 1072 678 ultimam
1132 627 1370 694 syllabam
1419 645 1517 678 non
1568 630 1718 679 habet

102 700 392 750 naturaliter
418 700 611 764 longam
651 707 704 749 ut
741 715 808 748 os
846 701 1023 749 ossis.
1074 700 1123 748 in
1164 700 1364 749 Graecis
1403 707 1522 748 tunc
1560 701 1717 749 corri-

102 772 236 832 pitur
286 786 398 820 cum
446 772 692 835 genitiuus
741 770 1048 835 diphthongo
1104 771 1396 820 terminatur
1436 777 1488 819 ut
1525 769 1715 832 Δῆλος

35 854 81 909 19
104 836 247 909 [rofi]
278 840 515 904 Δήλου.·
547 853 616 892 vs
643 842 809 890 finitus
835 840 1004 890 breuis
1031 846 1106 890 est
1144 848 1198 890 ut
1224 840 1453 890 doctus
1490 841 1574 890 sed
1609 842 1719 890 lon-

103 905 193 975 gus
230 911 283 960 fit
319 913 360 960 si
398 912 643 976 genitiuus
692 910 874 977 syllaba
924 911 1142 960 creuerit
1189 918 1236 960 et
1286 918 1397 962 ante
1436 910 1657 961 ultimam
1697 911 1718 961 1

103 988 188 1031 aut
212 982 251 1030 V
294 982 608 1046 productam=
633 981 863 1031 habuerit
911 988 964 1030 ut
1011 982 1214 1030 uirtus
1263 988 1311 1031 et
1348 983 1397 1031 in
1437 997 1536 1031 uno
1573 981 1718 1031 infle-

105 1051 242 1101 xibili
287 1059 341 1102 ut
386 1067 512 1116 pus.
589 1052 627 1101 T
677 1052 982 1101 derminatus
1020 1053 1286 1115 corripitur
1326 1060 1380 1101 ut
1418 1061 1618 1117 caput.
1680 1051 1717 1101 C

104 1123 270 1172 finitus
308 1122 405 1171 duo
444 1123 642 1171 nomina
680 1129 870 1172 tantum
908 1122 1023 1172 facit
1060 1129 1113 1171 ut
1149 1121 1313 1171 allec
1361 1122 1492 1186 quod
1532 1122 1716 1186 produ·

38 1203 84 1237 15
107 1194 258 1250 citur,
299 1198 347 1242 et
383 1192 480 1242 lac
518 1193 578 1242 de
618 1193 757 1241 cuius
795 1191 1123 1242 declinatione
1145 1192 1410 1242 dubitatur.
1469 1194 1718 1256 genitiuus

105 1261 368 1327 singularis
406 1270 524 1312 tunc
563 1262 853 1326 producitur
901 1277 1013 1312 cum
1061 1269 1146 1311 aut
1193 1263 1498 1312 nominatiuo
1547 1262 1718 1311 similis

106 1339 182 1383 est
210 1338 261 1382 ut
298 1340 551 1382 senatus
589 1340 674 1382 aut
712 1332 1072 1397 diphthongum
1099 1332 1248 1382 habet
1275 1340 1329 1382 ut
1366 1332 1596 1390 Iuliae,
1635 1341 1719 1382 aut

104 1403 452 1452 Iterminatur
492 1409 545 1452 ut
583 1402 784 1459 docti,
832 1404 882 1452 in
931 1403 1109 1452 ceteris
1156 1404 1438 1468 corripitur.
1524 1404 1719 1453 datiuus

106 1472 370 1538 singularis
417 1473 709 1537 producitur
757 1480 810 1522 ut
846 1474 1164 1537 Pompeio,
1212 1475 1262 1523 in
1310 1475 1512 1524 Graecis
1561 1475 1717 1523 corri-

38 1554 84 1588 20
105 1544 238 1608 pitur
276 1544 318 1594 si
353 1543 375 1593 Ι
411 1542 571 1592 littera
608 1544 806 1593 finiatur
845 1551 899 1593 ut
936 1543 1190 1593 Palladi.
1268 1546 1580 1610 accusatiuus
1619 1546 1717 1593 sin-

105 1613 290 1676 gularis
336 1614 386 1662 in
436 1615 637 1664 Graecis
691 1623 808 1664 tunc
845 1622 1038 1664 tantum
1087 1615 1355 1678 corripitur
1406 1631 1518 1664 cum
1553 1616 1593 1663 A
1640 1614 1721 1664 uel

107 1695 186 1734 ON
222 1685 515 1734 terminatur
541 1691 594 1733 ut
620 1684 855 1735 Thesea
894 1685 1113 1742 Delon,
1154 1686 1205 1734 in
1233 1685 1418 1734 Latinis
1458 1701 1576 1734 uero
1606 1684 1719 1734 bre-

105 1755 182 1809 uis
219 1761 294 1804 est
329 1763 385 1804 ut
410 1755 679 1804 doctum.
755 1756 1011 1804 uocatiuus
1044 1754 1309 1819 singularis
1345 1757 1385 1805 A
1421 1755 1582 1805 littera
1620 1763 1720 1804 ter·

107 1823 326 1890 minatus⁸
365 1826 418 1873 in
463 1825 645 1873 Latinis
692 1824 921 1874 omnibus
975 1823 1056 1874 uel
1112 1826 1164 1873 in
1221 1826 1422 1875 Graecis
1474 1826 1721 1875 femininis

43 1904 88 1938 25
111 1895 378 1959 corripitur
426 1899 479 1942 ut
524 1894 735 1943 tabula
784 1895 970 1951 Musa,
1021 1895 1071 1943 in
1109 1895 1394 1944 masculinis
1432 1895 1609 1959 longus·
1649 1904 1722 1945 est

33 1975 36 1978 ’
110 1965 328 2014 Aenea.
386 1964 425 2013 E
465 1965 754 2014 terminatus
790 1965 841 2014 in
870 1965 1055 2014 Latinis
1093 1964 1263 2014 breuis
1302 1974 1377 2015 est
1413 1974 1467 2014 ut
1505 1967 1718 2022 docte,

108 2035 160 2083 in
186 2035 387 2084 Graecis
412 2035 703 2098 producitur
724 2040 778 2084 ut
798 2034 1054 2100 Tydide,
1081 2037 1297 2099 exceptis
1316 2036 1392 2084 his
1419 2052 1544 2101 quae
1564 2038 1720 2086 nomi-

110 2105 302 2154 natiuus
340 2104 559 2154 Graecus
586 2117 654 2155 OS
695 2106 927 2155 terminat
964 2105 1322 2156 utPhoebos
1360 2107 1624 2157 Phoebe.
1701 2107 1722 2157 1

108 2176 398 2224 terminatus
436 2176 486 2224 in
523 2175 706 2224 Latinis
742 2174 919 2239 longus
946 2184 1020 2226 est
1059 2184 1112 2225 ut
1147 2175 1443 2234 Mercuri,
1483 2180 1535 2227 in
1567 2178 1719 2228 Grae-

39 2256 87 2290 30
111 2246 180 2294 cis
218 2246 483 2308 corripitur
522 2252 576 2294 ut
613 2245 735 2294 Nai.
813 2245 853 2295 Ο
890 2247 1183 2295 terminatus
1219 2248 1270 2296 in
1317 2248 1504 2297 Latinis
1553 2248 1720 2297 breuis

110 2321 183 2363 est
219 2322 273 2365 ut
309 2315 477 2372 Cato,
524 2315 638 2366 licet
683 2315 925 2380 Vergilius
964 2324 1133 2366 contra
1185 2319 1387 2374 sentiat,
1429 2320 1479 2367 in
1519 2319 1720 2369 Graecis

106 2385 403 2449 producitur
475 2393 529 2434 ut
601 2386 770 2436 Dido.
866 2387 902 2435 V
978 2388 1268 2438 terminatus
1340 2390 1608 2452 corripitur
1669 2396 1724 2438 ut

112 2470 320 2504 cornu.
372 2456 422 2504 in
469 2454 835 2521 <consonantes
880 2473 1002 2506 uero
1042 2457 1273 2508 desinens
1318 2460 1608 2507 nominatiui
1645 2475 1721 2508 se·

109 2526 277 2590 quitur
316 2525 539 2588 regulam
580 2527 796 2591 exceptis
836 2527 1039 2577 Graecis
1066 2528 1369 2586 nominibuS,
1412 2543 1537 2592 quae
1576 2543 1723 2594 saepe

35 2700 37 2702 ,
228 2668 249 2706 1
293 2680 317 2706 e
347 2667 388 2705 B
421 2670 490 2707 est
519 2667 556 2706 R
604 2663 623 2720 ss
682 2669 706 2707 3
745 2670 891 2707 mutet
919 2669 956 2707 R
1003 2665 1022 2721 Η
1073 2669 1098 2707 5
1135 2681 1215 2720 pes
1249 2670 1283 2708 Ιί
1314 2681 1418 2721 spes
1449 2669 1488 2708 B
1536 2666 1554 2723 [Ι
1604 2669 1629 2709 8
1670 2682 1722 2711 os

111 2722 204 2762 oris
235 2723 271 2763 R
318 2719 336 2776 ΙΙ
386 2724 411 2763 9
457 2722 515 2775 dy
551 2722 720 2776 thougo
751 2722 792 2761 B
824 2723 1056 2776 dyptongo
1087 2725 1124 2763 Ιί
1173 2721 1190 2778 [1
1242 2726 1292 2764 17
1339 2725 1650 2779 dypthongam
1682 2726 1723 2765 B

106 2777 392 2831 dyptongam
423 2779 459 2819 R
517 2776 522 2831 Ι
595 2781 648 2820 26
696 2793 718 2819 e
751 2791 829 2819 om.
854 2780 890 2819 R
948 2776 966 2832 [1
1025 2781 1077 2820 27
1124 2779 1326 2820 tidideR
1383 2778 1401 2834 Η
1459 2783 1513 2822 28
1559 2781 1723 2823 foebos

135 2834 248 2875 oebe
271 2834 312 2874 B
340 2835 517 2888 phebos
549 2834 699 2888 phebe
723 2835 760 2875 R
808 2832 826 2888 Η
877 2837 928 2876 31
962 2835 1174 2888 uirgilius
1199 2837 1234 2876 R
1283 2834 1301 2890 Η

1749 1209 1834 1250 280

1753 2334 1865 2375 67G
