1982 3230
786 53 974 96 LIBER
1004 52 1099 95 IIII
1634 51 1731 103 131

117 199 311 254 uersale
338 198 672 250 abdicatiuum
699 209 846 260 posse
873 195 1113 244 conuerti.
1191 206 1436 246 TERTIVS
1463 194 1640 244 modus
1662 199 1736 243 est

117 275 169 324 in
205 286 303 336 quo
340 269 597 320 conficitur
633 282 694 316 ex
729 265 1017 330 particulari
1054 265 1330 315 dedicatiuo
1377 271 1424 315 et
1467 265 1736 315 uniuersali

118 341 393 394 dedicatiuo
418 336 718 404 particulare
744 337 1076 386 dedicatiuum
1104 336 1345 386 directum
1371 342 1424 386 ut
1451 343 1525 386 est
1550 340 1565 364 ³
1581 336 1735 400 quod-

118 415 232 464 dam
267 414 447 462 iustum
482 409 773 464 honestum,
822 421 968 455 omne
1004 406 1268 456 honestum
1298 407 1440 464 utile,
1489 407 1734 472 quoddam

75 497 96 530 5
119 486 269 548 igitur
293 482 475 530 iustum
503 478 666 528 utile'.
719 484 768 527 at
795 479 834 526 si
861 477 1089 527 reflectas
1117 477 1326 526 efficitur
1353 480 1594 541 septimus
1619 494 1724 529 mo·
1749 495 1831 534 129
1853 493 1889 535 G

120 556 210 604 dus
237 550 511 616 ‘quoddam
538 550 686 612 igitur
714 547 832 597 utile
860 548 1071 597 iustum'
1111 548 1341 611 quoniam
1371 563 1522 613 supra
1551 551 1736 600 dictum

120 630 193 675 est
217 620 555 688 <particulare
592 619 925 669 dedicatiuum
961 633 1108 682 posse
1143 620 1386 668 conuerti.
1466 631 1735 679 QVARTVS

117 693 293 744 modus
329 699 403 741 est
438 692 488 740 in
525 706 622 754 quo
655 689 913 738 conficitur
952 704 1010 736 ex
1049 688 1334 752 particulari
1371 689 1650 741 dedicatiuo
1689 699 1736 741 et

117 762 386 815 uniuersali
425 761 704 810 abdicatiuo
732 758 1034 824 particulare
1058 758 1388 809 abdicatiuum
1416 760 1659 812 directum
1686 769 1741 811 ut

55 849 98 881 10
121 842 194 885 est
221 832 494 898 ‘quoddam
521 833 707 880 iustum
734 831 996 879 honestum
1013 869 1024 886 ,
1065 828 1254 879 nullum
1281 830 1546 881 honestum
1574 840 1736 898 turpe,

120 904 366 971 quoddam
394 903 541 966 igitur
567 903 749 950 iustum
780 916 878 949 non
906 906 979 949 est
1003 904 1178 963 turpe'
1214 901 1403 951 reflecti
1428 917 1529 950 non
1555 909 1736 968 potest.

121 976 333 1026 diximus
372 975 503 1023 enim
542 987 692 1036 supra
731 971 1030 1034 particulare
1076 970 1409 1022 abdicatiuum
1447 988 1546 1022 non
1592 989 1739 1038 posse

122 1045 365 1096 conuerti.
444 1054 708 1093 OCTAVVS
739 1042 914 1109 modus
942 1048 1014 1090 est
1040 1042 1090 1088 in
1119 1056 1216 1104 quo
1256 1044 1515 1092 conficitur
1543 1060 1603 1093 ex
1629 1046 1737 1093 uni-

123 1115 305 1166 uersali
332 1114 614 1163 alsdicatiuo
644 1119 691 1162 et
725 1107 996 1161 uniuersali
1024 1111 1302 1162 dedicatiuo
1329 1114 1626 1177 partIculare
1653 1115 1737 1164 ab·

61 1199 102 1232 15
126 1186 391 1236 dicatiuum
418 1183 643 1239 reflexim
670 1189 725 1231 ut
752 1189 826 1232 est
862 1181 1073 1231 ‘nullum
1099 1189 1244 1246 turpe
1271 1184 1563 1244 honestum,
1593 1201 1740 1235 omne

123 1259 385 1307 honestum
413 1256 610 1309 iustum,
642 1253 888 1317 quoddam
916 1254 1067 1315 igitur
1093 1254 1276 1302 iustum
1304 1270 1404 1304 non
1427 1262 1501 1304 est
1520 1257 1742 1323 turpe’.>

122 1338 312 1378 NONVS
350 1325 527 1374 modus
554 1330 626 1372 est
651 1324 700 1372 in
729 1339 826 1387 quo
864 1323 1124 1373 conficitur
1152 1340 1211 1372 ex
1237 1325 1508 1375 uniuersali
1544 1327 1740 1376 abdica-

124 1399 226 1447 tiuo
255 1402 303 1445 et
327 1393 614 1460 particulari
641 1393 919 1443 dedicatiuo
957 1393 1257 1457 particulare
1297 1395 1634 1447 abdicatiuum
1661 1413 1741 1447 re-

3 1526 5 1530 Α
123 1467 288 1519 flexim
307 1473 362 1516 ut
384 1471 458 1515 est
484 1464 702 1514 ‘nullum
721 1471 867 1528 turpe
893 1464 1173 1523 honestum,
1203 1467 1451 1530 quoddam
1477 1468 1742 1518 honestum

61 1551 104 1584 20
125 1539 324 1594 iustum,
354 1536 601 1601 quoddam
628 1536 777 1599 igitur
803 1537 988 1584 iustum
1015 1550 1114 1584 non
1142 1542 1215 1585 est
1239 1542 1432 1602 turpe'.

269 1617 574 1661 OECVNDAE
602 1616 842 1656 FORMAE
868 1617 1083 1656 PRIMVS
1111 1607 1287 1656 modus
1325 1614 1395 1658 est
1421 1610 1477 1658 in
1500 1625 1597 1674 quo
1626 1625 1740 1660 con-
1772 1629 1855 1667 412

126 1680 292 1729 ficitur
329 1693 389 1727 ex
424 1676 696 1727 uniuersali
735 1676 1014 1726 dedicatiuo
1055 1683 1103 1726 et
1146 1679 1413 1728 uniuersali
1459 1679 1741 1730 abdicatiuo

123 1747 408 1800 uniuersale
435 1747 767 1796 abdicatiuum
795 1747 1038 1796 directum
1066 1753 1118 1796 ut
1144 1754 1218 1796 est
1243 1751 1418 1799 ‘omne
1445 1752 1626 1800 iustum
1654 1751 1742 1800 ho-

125 1826 343 1876 nestum,
389 1817 579 1866 nullum
627 1822 771 1880 turpe
816 1816 1103 1873 honestum,
1149 1818 1340 1868 nullum
1375 1821 1525 1884 igitur
1559 1822 1742 1872 iustum

62 1902 104 1934 25
127 1892 316 1954 turpe'.
356 1888 438 1937 hic
464 1886 735 1937 reflexione
761 1887 803 1936 si
829 1887 997 1943 utariS,
1027 1887 1151 1937 alius
1177 1889 1354 1939 modus
1385 1905 1486 1940 non
1515 1892 1741 1949 efficitur,

129 1960 360 2025 quoniam
398 1957 458 2007 de
504 1959 727 2022 utrisque
772 1956 1054 2010 subiectiuis
1098 1958 1153 2006 fit
1194 1958 1362 2010 illatio,
1440 1973 1742 2014 SECVNDVS

128 2030 304 2079 modus
340 2034 415 2078 est
451 2029 501 2077 in
542 2043 639 2092 quo
676 2027 934 2077 conficitur
972 2043 1030 2077 ex
1074 2029 1344 2080 uniuersali
1380 2031 1658 2100 abdicatiuo
1697 2041 1746 2083 et

128 2098 398 2151 uniuersali
456 2098 732 2148 dedicatiuo
780 2097 1066 2148 uniuersale
1115 2099 1448 2152 abdicatiuum
1501 2104 1742 2154 directum

128 2177 184 2221 ut
233 2175 307 2220 est
351 2167 570 2218 ‘nullum
620 2175 766 2232 turpe
815 2168 1103 2228 honestum,
1156 2186 1302 2222 omne
1350 2174 1536 2224 iustum
1586 2175 1743 2225 hone-

42 2253 106 2294 130
129 2247 286 2297 stum,
334 2238 527 2290 nullum
586 2240 734 2302 igitur
770 2245 929 2304 turpe¹
961 2242 1142 2290 iustum
1156 2245 1190 2291 ³.
1274 2254 1520 2296 TERTIVS
1566 2245 1745 2295 modus

63 2308 66 2310 ’
131 2312 280 2362 estin
308 2325 404 2376 quo
443 2310 700 2360 conficitur
728 2325 788 2360 ex
824 2310 1116 2375 particulari
1152 2311 1429 2364 dedicatiuo
1457 2322 1505 2364 et
1540 2319 1743 2365 uniuer-

131 2381 219 2432 sali
266 2380 542 2430 abdicatiuo
579 2379 878 2446 particulare
925 2381 1259 2434 abdicatqum
1298 2379 1540 2435 directum
1578 2393 1634 2436 ut
1673 2391 1746 2436 est

131 2450 400 2518 ‘quoddam
450 2451 635 2500 iustum
684 2451 976 2509 honestum,
1028 2452 1219 2503 nullum
1267 2460 1412 2519 turpe
1461 2455 1743 2515 honestum,
1767 2473 1903 2515 1306

133 2521 381 2589 quoddam
406 2520 555 2584 igitur
580 2523 765 2571 iustum
791 2537 891 2571 non
919 2528 993 2572 est
1015 2528 1200 2588 turpe'.
1277 2537 1540 2586 QVARTVS
1569 2527 1746 2577 modus

68 2604 111 2638 35
135 2594 283 2643 estin
309 2607 406 2656 quo
434 2591 694 2640 conficitur
721 2607 780 2641 ex
814 2592 1103 2656 particulari
1139 2594 1418 2647 abdicatiuo
1457 2603 1506 2647 et
1542 2599 1741 2648 uniuer-

135 2663 224 2714 sali
260 2662 537 2712 dedicatiuo
579 2660 879 2727 particulare
924 2662 1257 2715 abdicatiuum
1293 2666 1538 2716 directum
1584 2675 1637 2717 ut
1673 2675 1747 2719 est

249 2792 275 2831 3
310 2788 582 2830 directimB
621 2785 640 2843 ΙΙ
679 2790 705 2829 9
741 2788 999 2830 directimb
1037 2786 1057 2843 ΙΙ
1095 2791 1150 2831 23
1181 2790 1502 2835 directimBR¹
1545 2792 1563 2849 Η
1603 2795 1657 2836 28
1679 2795 1748 2836 di-

136 2845 362 2887 rectimB
407 2841 428 2900 l}
477 2846 531 2887 32
565 2845 778 2886 directim
800 2844 844 2884 B
879 2842 902 2900 fl
951 2848 1004 2888 36
1036 2845 1314 2888 directimB
1360 2846 1380 2904 Η

1337 2917 1408 2969 9²³
