1982 3230
289 103 398 159 250
773 105 1072 147 MARTIANI
1101 103 1421 146 CAPELLAE

290 250 418 298 -sitae
444 246 603 296 lineae
636 245 837 309 adiungi
876 250 923 294 et
960 245 1173 294 adscribi
1199 248 1404 310 possint.
1480 245 1798 314 ἀνάγραφοε
1825 251 1917 300 ‹ii-⁴

301 319 426 366 citur
453 330 549 379 quo
588 315 792 366 docetur
819 314 1065 379 reliquum
1100 315 1299 365 schema
1326 318 1455 381 quod
1483 319 1779 382 imperatum
1807 328 1896 371 est.

291 385 576 449 ,ἔγγραφος
612 387 791 450 estqui
827 391 1068 434 monstrat
1103 386 1281 450 quibus
1318 389 1620 451 argumentis
1648 389 1761 439 dato
1799 391 1895 440 cir-

296 455 407 505 culo
434 455 578 504 uerbi
612 457 766 519 gratia
802 457 1096 518 imperatum
1135 458 1382 519 trigonum
1419 457 1500 507 uel
1527 459 1641 522 quid
1679 459 1810 509 aliud
1846 461 1895 509 in

294 526 457 575 medio
507 527 750 589 possimus
801 526 1155 574 conuenienter
1205 526 1469 577 ascribere.
1561 528 1896 594 περίγραφο(
1942 543 1963 575 5

295 602 469 659 tropus
506 601 580 644 est
614 597 699 660 qui
747 596 890 644 docet
926 612 1071 660 quem
1110 597 1168 644 ad
1220 597 1419 646 modum
1455 598 1620 647 datum
1658 600 1897 649 circulum

295 666 438 715 uerbi
463 667 618 730 gratia
646 666 884 730 quadrato
914 666 1263 716 concludamus
1290 667 1552 718 schemate.
1627 672 1893 732 παρεμβο-

283 734 440 787 Ῑλικό(
481 742 555 785 est
589 738 673 800 qui
710 736 854 785 docet
889 752 1033 800 quem
1071 736 1131 785 ad
1167 738 1367 786 modum
1415 738 1555 787 uerbi
1596 740 1746 803 gratia
1785 740 1899 789 dato

295 812 552 870 tetragono
587 807 907 855 immittamus
933 806 1096 854 datum
1136 808 1406 870 trigonum,
1445 814 1498 857 ut
1532 810 1717 871 trigoni
1742 810 1900 874 spatia

280 882 533 933 crescant,
564 891 661 924 non
688 876 885 924 schema
912 882 1145 927 mutetur.
1193 878 1600 940 προεευρετικόε
1628 885 1800 943 tropus
1827 885 1901 928 est
1923 893 1963 923 10

285 948 380 1011 <qui
407 947 549 995 docet
580 961 724 1010 quem
754 946 813 994 ad
841 947 1040 994 modum
1070 946 1211 995 uerbi
1237 949 1389 1010 gratia
1425 949 1553 997 inter
1581 949 1717 998 datas
1742 950 1899 1013 impa-

294 1031 375 1064 res
402 1016 557 1064 lineas
584 1017 893 1065 inueniamus
919 1016 1154 1073 mediam,
1184 1032 1309 1080 quae
1334 1022 1522 1066 tantum
1550 1019 1691 1067 cedat
1723 1020 1896 1068 maiori

287 1087 453 1135 “lineae
479 1091 716 1149 quantum
753 1086 1002 1149 praecedit
1039 1087 1296 1135 minorem.
1372 1087 1423 1135 hi
1448 1089 1716 1152 sunt'tropi
1752 1103 1898 1152 gene-

174 1174 263 1214 716
295 1156 427 1207 rales
463 1158 820 1219 ergasticorum
867 1156 1188 1205 schematum.
1266 1157 1524 1220 apodictici
1571 1165 1732 1207 autem
1767 1159 1900 1222 tropi

287 1228 403 1276 ‘ideo
428 1232 762 1282 transeuntur,
793 1241 903 1275 cum
927 1226 1046 1274 mihi
1068 1242 1177 1275 cum
1200 1226 1478 1285 Dialectica,
1508 1243 1651 1291 quam
1680 1227 1896 1285 audistiS‚
1922 1241 1963 1272 15

292 1311 584 1346 communes
621 1298 732 1344 sint.
809 1297 895 1344 sed
935 1298 1097 1344 omnia
1136 1297 1384 1346 schemata
1423 1299 1638 1361 quinque
1675 1298 1898 1362 partibus

295 1366 638 1416 communibus
673 1367 972 1422 intexuntur,
1014 1381 1139 1428 quae
1167 1382 1191 1414 a
1223 1369 1423 1416 Graecis
1462 1369 1532 1416 sic
1559 1367 1895 1432 appellantur:

292 1438 452 1500 prima
486 1435 756 1498 πρόθεειε,
809 1436 1023 1484 secunda
1069 1435 1357 1498 διοριεμόε,
1410 1438 1553 1486 tertia
1590 1436 1894 1499 καταεκευή,

294 1513 467 1571 quarta
494 1504 786 1562 ἀπόδειξις,
817 1506 983 1569 quinta
1011 1505 1362 1569 ευμπέραεμα.
1437 1507 1610 1556 Latine
1636 1513 1799 1556 autem
1825 1509 1896 1557 sic

292 1591 555 1640 possumus
591 1577 934 1639 interpretari:
979 1577 1136 1638 prima
1172 1576 1432 1625 schematis
1458 1568 1791 1639 propositum,
1819 1591 1893 1625 se·
1921 1590 1962 1621 20

66 1665 82 1676 κ
132 1661 274 1703 2326
297 1647 456 1696 cunda
483 1647 828 1696 determinatio
850 1646 1165 1710 quaestioniS‚
1193 1648 1335 1694 tertia
1359 1647 1608 1710 dispositio
1635 1661 1896 1710 argumen-

294 1724 485 1772 torum,
527 1721 700 1779 quarta
738 1716 1088 1765 demonstratio
1129 1716 1564 1781 comprobatioque
1610 1718 1895 1774 sententiae,

292 1792 541 1852 postrema
581 1786 787 1835 confinis
832 1785 1098 1834 conclusio.
1174 1786 1270 1834 hoc
1310 1787 1370 1835 de
1417 1786 1681 1849 generibus
1725 1786 1896 1851 plano-

291 1872 406 1906 rum
433 1857 618 1906 dictum
639 1858 724 1904 sit:
754 1856 813 1905 ad
836 1855 1196 1905 theorematum
1224 1856 1444 1905 membra
1463 1857 1741 1907 redeamus.
1782 1871 1894 1906 nam

293 1929 460 1990 utique
487 1926 710 1976 membra
737 1932 851 1976 sunt
878 1926 1006 1975 linea
1035 1931 1083 1975 et
1108 1925 1331 1988 angulus,
1918 1939 1960 1971 25

174 2012 261 2053 717
432 1996 737 2060 Angulorum
774 2001 946 2045 natura
987 1995 1164 2059 triplex
1202 2003 1289 2046 est.
1352 2012 1464 2046 nam
1502 2003 1583 2046 aut
1629 1998 1786 2046 iustus
1824 2003 1899 2046 est

405 2180 430 2218 2
463 2177 635 2218 ascribi
665 2177 703 2216 R
751 2173 770 2229 ΙΙ
819 2179 844 2216 2
875 2188 963 2228 puo
995 2176 1126 2217 modo
1159 2177 1522 2217 concludendum
1555 2181 1624 2218 est
1663 2183 1761 2218 ante
1793 2178 1899 2218 reli-

292 2246 430 2286 quum
463 2232 670 2284 (relicum
693 2233 734 2271 B
765 2232 958 2283 reliqum
988 2233 1011 2272 b
1051 2234 1152 2274 add.
1176 2235 1217 2272 D
1250 2246 1327 2273 om.
1351 2233 1431 2272 BR
1481 2230 1499 2286 ΙΙ
1557 2246 1712 2272 scema
1741 2233 1824 2272 BR
1860 2229 1882 2286 ΙΙ

292 2294 317 2331 3
351 2290 608 2343 engraphos
640 2288 722 2328 BR
784 2285 803 2341 ΙΙ
866 2289 891 2328 5
935 2287 966 2326 k
995 2295 1096 2340 post
1129 2289 1361 2328 ascribere
1402 2291 1501 2328 add.
1533 2288 1575 2327 B
1624 2285 1642 2341 ΙΙ
1690 2289 1898 2341 perigra-

291 2346 406 2398 phos
440 2346 483 2385 B
528 2344 833 2398 perigraphus
863 2344 901 2383 R
959 2340 977 2396 ΙΙ
1036 2346 1061 2384 6
1104 2346 1178 2384 sub
1210 2349 1366 2397 tropus
1404 2346 1516 2384 linea
1553 2345 1682 2384 ducta
1710 2346 1752 2384 in
1785 2344 1822 2383 B
1874 2341 1880 2396 Ι

291 2404 315 2441 6
338 2407 379 2442 et
400 2403 426 2443 8
458 2401 749 2453 qut-{amodum
770 2400 812 2438 B
859 2396 879 2453 ΙΙ
929 2401 952 2439 7
984 2404 1218 2440 scematae
1242 2401 1279 2440 R
1328 2396 1345 2453 ΙΙ
1395 2400 1728 2452 parembolicus
1748 2399 1830 2439 BR

291 2460 316 2497 9
349 2458 623 2497 immitamus
639 2456 720 2496 BR
748 2452 767 2509 ΙΙ
795 2457 967 2508 trigoni
990 2456 1221 2508 Bd'ctyerus
1242 2457 1475 2508 tetragoni
1495 2456 1575 2495 BR
1612 2453 1630 2509 ΙΙ
1668 2458 1719 2496 10
1742 2467 1896 2495 scema

291 2513 373 2553 BR
421 2510 440 2567 ΙΙ
489 2511 828 2566 proseureticus
858 2512 940 2551 BR
987 2508 1006 2565 ΙΙ
1057 2513 1106 2551 11
1141 2512 1546 2564 ᾳηόαωῐηοᾶαῐηΒ
1595 2509 1614 2565 ΙΙ
1666 2513 1718 2551 12
1749 2511 1896 2551 lineas

291 2570 354 2610 bis
374 2571 576 2621 scriptum
597 2582 624 2608 a
645 2567 703 2608 B¹
744 2564 770 2623 ΙΙ
803 2568 1007 2607 maiorae
1029 2566 1089 2606 B¹
1128 2565 1146 2621 ΙΙ
1188 2570 1240 2608 13
1272 2569 1504 2619 generalis
1525 2566 1626 2607 B¹R
1663 2564 1681 2619 ΙΙ
1722 2567 1775 2606 14
1795 2578 1894 2606 sce-

291 2629 464 2665 matum
483 2625 566 2666 BR
610 2621 629 2678 ΙΙ
684 2625 734 2663 16
766 2626 975 2664 scemata
996 2623 1076 2663 BR
1122 2620 1141 2676 ΙΙ
1198 2626 1249 2664 17
1291 2637 1551 2664 communes
1571 2624 1610 2663 R
1637 2629 1680 2662 et
1705 2635 1818 2662 corr.
1851 2623 1896 2661 in.

291 2694 527 2722 commune
549 2680 590 2719 B
619 2680 640 2721 l
670 2679 806 2720 nibus
837 2681 936 2721 add.
960 2680 983 2720 b
1031 2677 1051 2732 ΙΙ
1102 2680 1416 2719 sintextuntur
1445 2678 1504 2718 Βι
1543 2676 1563 2732 ΙΙ
1612 2679 1663 2718 18
1693 2677 1894 2729 protasis

291 2736 373 2777 BR
419 2733 439 2790 ΙΙ
487 2737 727 2778 diorismos
747 2736 829 2776 BR
860 2736 1100 2775 diarismos
1131 2737 1154 2775 b
1195 2733 1213 2788 ΙΙ
1254 2738 1501 2775 eatasceue
1522 2734 1603 2773 BR
1653 2730 1660 2784 Ι
1700 2734 1751 2772 19
1785 2745 1893 2784 apo·

293 2791 412 2831 dixis
436 2793 471 2832 R
503 2792 712 2845 apoxidis
732 2792 775 2830 B
805 2792 1021 2844 apodoxis
1051 2792 1075 2831 b
1123 2788 1142 2844 ΙΙ
1191 2803 1502 2843 symperasma
1523 2789 1603 2828 BR
1655 2786 1660 2841 Ι
1709 2790 1763 2829 20
1794 2800 1896 2828 sce-

295 2848 431 2887 matis
452 2847 533 2888 BR
582 2846 600 2902 ΙΙ
649 2851 702 2889 23
735 2847 924 2888 confinis
946 2848 1047 2888 adda
1071 2848 1128 2887 bd
1146 2860 1223 2888 om.
1246 2848 1284 2887 R
1331 2844 1350 2899 ΙΙ
1398 2848 1452 2886 25
1482 2845 1660 2896 utrique
1692 2845 1714 2884 b
1755 2840 1776 2897 ΙΙ
