1982 3230
0 549 20 783 ·-⁴'·¹'ss'—’'''¹'',⁶
0 488 7 538 -ωι-
0 474 4 478 -
6 438 13 445 ,

678 118 761 159 DE
794 115 1122 158 CODICIBVS
1150 135 1154 138 ·
1601 110 1718 152 XIII

30 235 52 310 q*
89 252 321 318 quamuis
371 255 515 298 acuto
566 252 732 295 tamen
782 258 960 308 parum
1012 241 1216 292 subacto
1274 241 1336 289 ita
1390 239 1598 293 fretum,
1663 245 1716 286 ut

91 338 200 402 ipse
249 347 422 399 sapere
472 346 618 397 quam
681 329 1080 399 superstitionem
1134 325 1194 375 de
1255 323 1448 388 vulgata
1507 323 1717 371 firmiter

94 418 350 470 retinenda
388 416 586 466 abicere
620 413 811 470 mallet,
869 412 955 461 sed
996 412 1168 475 nequis
1215 425 1375 458 meam
1414 408 1562 457 fldem
1601 407 1716 456 cali-

92 505 206 555 dius
241 504 518 566 impugnet‚
560 499 643 549 ubi
678 514 756 547 me
790 511 933 547 secus
970 510 1115 560 quam
1152 494 1397 558 Koppium
1436 493 1495 542 de
1534 493 1717 542 codici-

96 589 190 639 bus
225 587 417 637 rel'erre
457 590 540 635 aut
567 583 720 634 uerba
759 581 819 632 ab
849 596 907 631 eo
935 581 983 629 in
1013 586 1147 628 textu
1175 585 1368 628 seruata
1409 594 1435 627 a
1461 593 1539 626 me
1570 579 1717 627 tacite

95 672 324 723 codicum
361 684 586 720 meorum
624 668 916 718 auctoritate
955 666 1135 714 reiecta
1171 665 1406 713 inueniet.
1459 677 1505 726 p.
1534 659 1655 718 252,
1686 659 1718 710 8

95 756 391 821 uulgabatur
440 761 631 804 sextum
691 752 749 803 ἐκ
799 749 896 802 δύο
959 749 1134 812 μέεων
1195 747 1463 811 δυναμένη
1516 745 1718 806 ἄλογος

13 904 18 906 ,
97 842 230 907 quod
267 840 465 890 retinuit
503 838 744 902 KoppiuS,
799 851 913 884 nam
966 837 1115 883 enos'
1168 836 1325 896 inquit
1378 832 1606 880 ‘codices
1643 846 1719 879 se-

96 929 340 992 quimur'‚
381 922 643 975 Carolus
679 923 1053 983 Boettgerus
1089 920 1138 967 in
1178 918 1375 981 egregia
1415 921 1720 965 commenta—

98 1013 258 1067 tione,
312 1025 437 1073 quae
482 1010 664 1057 inserta
714 1012 786 1055 est
821 1005 978 1054 Iahnii
1014 1003 1207 1052 archiui
1251 1002 1412 1066 suppl,
1464 1000 1559 1050 uol.
1611 1001 1720 1050 Xlll

98 1111 147 1161 p.
175 1091 480 1148 590-622,
512 1109 570 1141 ex
598 1090 797 1141 Euclide
825 1090 1086 1138 restituere
1115 1087 1310 1136 uolebat
1335 1093 1528 1136 sextum
1557 1084 1719 1149 ῥητὸν

99 1180 183 1232 καὶ
205 1178 362 1242 μέεον
386 1176 651 1239 δυναμένη
673 1173 902 1234 ἄλογονε
931 1172 1048 1222 illud
1070 1174 1231 1237 ipsum
1252 1173 1300 1219 in
1325 1172 1447 1220 meis
1470 1170 1724 1220 codicibus

99 1265 281 1314 inueni.
322 1265 386 1311 ita
414 1260 713 1325 compluries
734 1259 887 1308 uerba
918 1258 1142 1307 codicum
1166 1257 1329 1304 omisit
1355 1256 1508 1305 ueluti
1532 1271 1578 1319 p.
1599 1253 1720 1309 237,

105 1347 174 1401 17*
198 1362 335 1397 meae
364 1346 438 1395 ed.
466 1352 628 1394 tamen
657 1343 1008 1408 progrediente
1037 1341 1205 1391 labore
1231 1342 1415 1390 inuitus
1442 1341 1582 1405 quasi
1604 1355 1724 1388 con·
1767 1363 1770 1365 Δ

101 1434 313 1484 iecturas
341 1431 618 1493 excogitare
647 1435 879 1494 coeperat
915 1427 1163 1477 interdum
1191 1427 1401 1491 optimas
1439 1431 1486 1474 et
1521 1426 1723 1473 omnino

102 1518 165 1568 de
201 1514 544 1582 intepretando
581 1513 936 1564 obscurissimo
976 1514 1220 1576 scriptore
1260 1510 1478 1560 adnectis
1513 1509 1722 1559 aliorum

103 1601 226 1652 locis
252 1601 433 1665 optime
462 1601 656 1648 meruit.
705 1606 962 1662 praeterea
991 1597 1300 1647 utilissimam
1329 1610 1533 1659 operam
1561 1595 1727 1659 posuit

105 1687 154 1737 in
199 1685 457 1735 laudandis
492 1683 777 1733 hominibus
818 1684 973 1732 doctis
1012 1684 1095 1746 qui
1130 1682 1425 1731 Martianum
1466 1668 1519 1728 in
1565 1685 1725 1728 trans·

105 1786 256 1821 cursu
293 1771 574 1833 tetigerunt.
638 1770 715 1818 his
751 1770 901 1830 igitur
939 1769 987 1816 in
1024 1766 1178 1816 rebus
1215 1781 1292 1814 me
1329 1765 1412 1814 illo
1440 1765 1726 1828 saepissime

106 1871 252 1906 usum
296 1869 403 1904 esse
439 1853 618 1917 Koppii
656 1853 855 1902 nomine
900 1866 999 1900 non
1045 1851 1208 1900 addito
1249 1851 1372 1899 scito
1410 1850 1564 1914 siquis
1600 1849 1727 1898 haec

70 1954 74 1958 ·
107 1940 327 1991 lecturus
361 1944 448 1988 est.

251 2024 352 2073 lam
388 2022 767 2087 Bambergensis
806 2021 931 2071 liber
965 2027 1204 2086 quantum
1244 2019 1474 2069 omnibus
1510 2021 1594 2084 qui
1631 2019 1730 2068 huc

109 2124 267 2175 usque
300 2109 618 2158 innotuerunt
655 2111 869 2172 praestet
915 2105 1111 2155 abunde
1139 2121 1197 2154 ex
1233 2106 1589 2154 commentario
1619 2119 1728 2152 meo

110 2193 390 2260 apparebit,
428 2199 482 2243 ut
507 2192 631 2242 nihil
658 2207 782 2257 opus
809 2191 1036 2241 uideatur
1076 2190 1157 2239 hic
1185 2189 1467 2253 singillatim
1494 2203 1731 2239 enarrare

112 2279 339 2344 quotiens
366 2294 424 2328 eo
452 2292 570 2328 usus
599 2277 996 2331 emendauerim,
1036 2290 1162 2339 quae
1187 2276 1237 2324 in
1265 2274 1494 2324 omnibus
1521 2274 1629 2323 aliis
1657 2274 1731 2323 ui-

110 2365 236 2413 tiose
274 2363 716 2418 circumferuntur,
768 2367 851 2410 aut
886 2359 1222 2425 suppleuerim
1260 2375 1384 2426 quae
1421 2362 1472 2409 in
1508 2358 1611 2408 aliis
1648 2359 1732 2407 de-

112 2447 392 2498 siderantur
419 2447 661 2498 omnibus.
727 2446 988 2496 dicendum
1026 2450 1186 2495 autem
1227 2452 1300 2494 est
1337 2445 1398 2493 de
1435 2444 1623 2509 aliquot
1649 2457 1733 2491 co-

114 2531 306 2582 dicibus
331 2533 537 2582 uetustis
565 2547 776 2597 quorum
805 2530 865 2580 ab
894 2531 1090 2596 optimis
1111 2530 1282 2580 amicis
1303 2529 1524 2578 notitiam
1546 2528 1731 2591 accepi.

16 2623 18 2625 ’
64 2643 67 2645 Δ
115 2631 231 2667 nam
277 2616 586 2666 Lucianus
622 2614 967 2666 Muellerus
1014 2630 1123 2664 mea
1160 2629 1305 2665 causa
1354 2613 1576 2662 codicem
1613 2613 1733 2662 Ber—

116 2715 320 2750 nensem
371 2702 605 2766 inspexit,
658 2700 971 2765 Augustus
1026 2698 1363 2748 Wilmanns
1413 2697 1734 2761 Reginense8‚

117 2785 401 2835 Andreas
427 2785 782 2834 Laubmann
819 2785 1123 2835 Puteaneum
1161 2791 1208 2832 et
1233 2783 1442 2846 Regium
1469 2782 1734 2839 ParisinoS,

120 2868 384 2920 Carolus
444 2871 919 2934 Zangemeister
979 2868 1252 2919 Palatinum
1314 2867 1615 2917 Vaticanum.
1690 2874 1739 2916 et
