1982 3230
435 75 728 120 CAESARIS
761 71 1104 118 GERMANIOI
1131 71 1376 115 ARATEA
1605 69 1713 123 409

61 275 67 283 ,
101 220 427 277 necessitatis
457 217 706 268 crudelius
732 232 859 281 quae
884 214 976 267 sub
1005 215 1074 265 eis
1100 220 1214 264 sunt
1239 218 1572 278 amputantur.
1624 213 1710 262 de-

59 324 70 330 -
96 291 346 342 ducuntur
371 305 399 339 a
425 288 682 340 sacerdote
707 286 846 337 Isidis
870 287 921 335 in
943 285 1109 336 locum
1127 323 1140 343 ‚
1169 285 1253 350 qui
1278 291 1487 334 uocatur
1513 279 1712 335 ἄδυτοε

22 372 50 427 χ’
97 368 146 416 et
170 363 280 412 iure
318 359 527 410 iurando
554 359 820 422 adiguntur
846 371 1007 421 neque
1034 370 1254 406 mensem
1281 369 1442 419 neque
1469 354 1600 404 diem
1635 355 1711 403 in-

12 431 51 460 ’““”
95 430 422 483 tercalaturos
460 427 752 498 [iurarent]
798 441 961 491 neque
1000 426 1178 476 festum
1217 426 1348 475 diem
1382 426 1714 474 inmutaturos

43 522 75 558 5
100 502 186 553 sed
213 500 452 552 CCCLXV
486 506 776 565 peracturos
810 499 880 548 sic
905 502 960 547 ut
994 498 1266 546 institutum
1295 497 1352 544 sit
1381 494 1441 544 ab
1481 496 1710 561 antiquis,

9 586 39 613 ἰ
98 572 276 623 deinde
303 570 513 621 alterum
540 569 637 619 illis
661 570 736 619 ius
761 568 1024 618 iurandum
1062 568 1310 631 inponunt
1336 567 1596 615 sementim
1622 579 1714 630 per

13 612 33 697 f
97 648 283 694 terram
330 656 605 707 aquamque
642 638 1014 689 custodiendam
1062 635 1547 701 conparandamque.
1609 642 1713 685 tum

15 706 33 784 ᾗ
99 713 298 764 demum
327 712 601 762 diademate
637 711 850 774 inposito
876 708 1133 773 potiuntur
1158 707 1512 772 Aegyptiorum
1539 719 1711 769 regno.

15 786 19 791 ’
97 784 184 834 sed
211 790 264 833 ut
290 782 375 832 illo
402 787 714 832 reuertamur
739 779 870 829 unde
892 778 1102 842 digressi
1129 792 1314 835 summ,
1342 778 1492 840 igitur
1520 776 1597 825 dei
1624 777 1714 826 im-

38 875 75 913 ⁷0
97 853 332 904 mortales
367 858 687 917 posteaquam
716 850 1005 915 Typhonem
1043 849 1188 911 digna
1226 863 1387 912 poena
1424 846 1716 896 adfecerunt

96 953 166 961 —-
200 938 315 974 nam
351 922 497 973 Panis
533 920 739 971 consilio
775 922 881 969 sine
918 918 1061 969 turba
1099 918 1411 982 tumultuque
1452 917 1713 967 interfece-

83 1001 215 1044 .1·unt
256 1023 314 1030 —
355 994 772 1043 Pana-astrorum
812 991 1052 1040 memoria
1089 990 1454 1039 decorauerunt
1482 994 1530 1038 et
1557 988 1601 1036 ei
1626 1002 1716 1037 no·

97 1079 214 1115 men
238 1066 488 1128 Aegipana
515 1064 858 1127 inposuerunt,
900 1060 1031 1126 quod
1060 1075 1173 1109 cum
1201 1060 1355 1110 ceteri
1381 1073 1433 1108 se
1458 1060 1507 1107 in
1535 1058 1716 1108 bestias

99 1135 478 1189 conuenissent,
507 1133 607 1182 Pan
635 1149 687 1182 se
708 1133 755 1181 in
779 1146 980 1196 capram
1006 1130 1423 1194 transfigurasset,
1452 1128 1715 1194 oppidum-

17 1203 76 1277 ¹³3²?
100 1220 196 1270 que
243 1204 557 1268 magnificum
602 1204 652 1251 in
688 1205 905 1267 Aegypto
955 1201 1341 1250 aedificauerunt
1373 1200 1521 1262 idque
1557 1200 1715 1248 Pano-

18 1338 19 1341 *
96 1274 232 1341 polin
276 1275 674 1325 nominauerunt.
749 1270 1226 1338 <CAPRICORNVS
1271 1269 1422 1319 habet
1458 1268 1623 1319 stellas
1665 1271 1716 1317 in

98 1344 307 1410 singulis
333 1343 568 1394 cornibus
594 1342 834 1407 singulas,
873 1344 922 1391 in
949 1356 1068 1390 naso
1095 1342 1116 1390 I
1143 1341 1353 1398 claram,
1390 1341 1440 1388 in
1468 1340 1628 1403 capite
1655 1339 1712 1395 ll,
1742 1341 1794 1379 72
1804 1339 1848 1378 B

17 1416 26 1437 '·
99 1415 190 1466 sub
219 1415 345 1465 collo
371 1415 415 1472 Ι,
444 1415 495 1462 in
522 1419 724 1478 pectore
750 1413 817 1469 ΙΙ,
855 1413 908 1461 in
935 1412 1062 1476 pede
1088 1412 1255 1475 priore
1282 1410 1327 1466 Ι,
1368 1425 1563 1460 summo
1590 1410 1717 1474 pede

20 1485 30 1541 ,ἵ
99 1503 201 1536 *ιιι*
227 1486 271 1544 Ι,
299 1487 349 1534 in
377 1485 525 1534 dorso
552 1484 658 1541 VII,
689 1485 737 1533 in
765 1489 941 1533 uentre
968 1482 1022 1538 V,
1050 1483 1102 1531 in
1129 1481 1283 1532 cauda
1310 1480 1353 1530 Il
1380 1480 1553 1530 claras,
1605 1488 1721 1530 sunt.

19 1552 78 1623 Lao
101 1558 149 1607 in
177 1570 367 1606 summa
394 1553 626 1620 XXIIII.)

1237 1611 1268 1631 Q

215 1812 235 1849 1
270 1809 519 1850 abutantur
551 1806 591 1848 B
612 1804 631 1859 ΙΙ
652 1805 1027 1858 deducunturque
1058 1801 1138 1857 ΒΗ
1159 1806 1184 1844 2
1216 1803 1450 1844 sacerdoti
1476 1799 1556 1856 ΒΗ
1582 1802 1721 1844 Isidis

100 1866 189 1917 (uel
216 1863 395 1918 Apidis)
428 1863 700 1904 lablonskz'us
733 1863 830 1903 eius
862 1862 935 1902 dei
964 1861 1228 1901 Biiclzelerus
1259 1859 1419 1900 eisidis
1453 1859 1486 1900 0
1523 1856 1541 1914 Η
1580 1872 1722 1900 uoca-

98 1926 174 1963 tur
211 1920 380 1962 ἄδυτο(
418 1921 636 1972 Hauptius
674 1922 861 1959 notatur
899 1917 1060 1970 adyios
1103 1917 1204 1969 <yi0
1240 1917 1285 1956 in
1321 1929 1411 1957 ras.
1444 1915 1513 1967 B)
1548 1916 1581 1957 0
1626 1913 1646 1969 1]
1696 1918 1721 1956 3

51 1995 55 1999 ·
98 1990 303 2018 mensem
334 1978 512 2017 Rotkius
541 1979 741 2015 mentem
775 1975 806 2015 C
839 1971 858 2027 ΙΙ
895 1973 1253 2014 intercalaturos
1285 1985 1332 2013 se
1363 1985 1514 2024 neque
1546 1973 1723 2014 Rothius

98 2032 472 2075 intercalandum
503 2032 712 2072 iurarent
741 2043 875 2083 quem
905 2031 953 2070 in
987 2031 1019 2070 C
1054 2027 1074 2083 ss
1112 2031 1141 2069 4
1170 2029 1453 2069 inmutatum
1475 2028 1516 2068 B
1543 2026 1563 2082 Η
1603 2030 1628 2069 5
1661 2029 1723 2068 sit

100 2091 383 2131 Mommsenus
415 2089 613 2129 Chronol.
648 2102 693 2140 p.
728 2090 812 2128 259
851 2087 918 2126 ita
952 2086 986 2126 C
1021 2083 1039 2140 Η
1081 2088 1106 2127 6
1145 2085 1341 2125 alterum
1372 2084 1465 2125 illis
1497 2085 1568 2124 ius
1599 2084 1723 2125 siser—

101 2146 233 2187 kelius
260 2148 425 2199 proleg).
455 2146 558 2196 fast.
594 2143 716 2186 Ouid.
743 2157 792 2196 p.
811 2142 990 2184 LXXX
998 2142 1158 2183 VIIII
1184 2148 1227 2182 et
1257 2141 1393 2182 Biiclz.
1427 2141 1565 2181 aliter
1595 2141 1723 2181 illius
1807 2183 1811 2187 ,

33 2243 37 2247 ,
104 2202 136 2243 C
183 2200 202 2256 ΙΙ
249 2202 474 2255 inponunt
511 2200 748 2241 Merkelz‘us
792 2200 987 2251 imponis
1028 2199 1068 2238 B
1113 2198 1297 2251 inponis
1329 2199 1371 2237 P
1416 2195 1435 2251 ΙΙ
1471 2198 1725 2238 sementim

32 2291 34 2295 .
101 2259 383 2300 Mommsenus
413 2258 570 2298 statim
596 2257 629 2297 C
657 2259 823 2297 statum
846 2255 1083 2296 Merketizcs
1110 2252 1128 2308 Η
1165 2257 1189 2295 7
1222 2266 1310 2305 que
1333 2254 1617 2294 Mommsenus
1648 2254 1726 2306 qui

104 2314 138 2355 G
175 2311 194 2368 ΙΙ
242 2315 268 2355 8
299 2314 512 2367 deumum
542 2314 584 2353 P
620 2309 639 2367 Η
686 2315 712 2354 9
743 2312 809 2351 dii
841 2311 911 2365 Bp
952 2308 971 2365 Η
1020 2310 1304 2351 immortales
1335 2309 1378 2349 B
1427 2307 1445 2363 ll
1498 2310 1550 2349 10
1582 2309 1723 2362 digna

110 2370 358 2423 W’o‘lfflinus
388 2369 468 2411 sed
498 2370 602 2409 ideo
635 2369 669 2409 G
698 2365 719 2421 Ι]
756 2367 1014 2408 affecerunt
1044 2367 1084 2407 P
1115 2363 1134 2419 Η
1171 2368 1220 2405 11
1254 2378 1362 2405 nam
1393 2365 1536 2405 Panis
1567 2367 1726 2417 scripsi

104 2437 332 2479 quamque
365 2426 399 2466 C
483 2423 803 2465 interficerunt
833 2423 874 2462 B
913 2420 933 2477 Η
975 2421 1268 2475 (quamquam
1297 2442 1355 2450 —
1386 2421 1725 2462 interfecerunt

103 2484 215 2523 delet
245 2481 401 2531 Biiclz.)
488 2483 538 2521 12
570 2480 703 2520 Pana
724 2479 959 2519 Merkelius
991 2476 1071 2518 8οέ
1099 2475 1246 2532 C1113
1277 2476 1520 2530 Aegipana
1554 2478 1726 2517 Heinsii

74 2547 254 2592 ‘apoyru
291 2537 497 2591 aegyptii
527 2549 650 2589 pana
684 2534 824 2588 (pana
851 2540 951 2586 post
980 2547 1104 2587 pana
1135 2535 1236 2577 add.
1269 2547 1318 2573 m.
1350 2546 1435 2574 sec.
1467 2535 1511 2573 in
1532 2533 1591 2583 B)
1628 2533 1661 2573 C
1686 2530 1707 2587 ΙΙ

105 2596 275 2636 ceteris
307 2595 346 2633 si
378 2594 418 2633 P
441 2589 464 2647 Π
491 2594 544 2632 14
573 2604 665 2644 pan
696 2604 748 2632 sa
778 2590 820 2630 B
848 2587 866 2644 [l
898 2591 949 2631 15
980 2594 1229 2643 aegyptum
1261 2591 1300 2630 P
1326 2587 1346 2644 Η
1373 2590 1528 2642 ibique
1559 2590 1601 2629 P
1625 2586 1644 2643 Η
1673 2590 1725 2629 16

105 2650 390 2704 capricornis
421 2649 462 2688 B
502 2645 520 2702 Η
564 2650 612 2689 17
644 2649 693 2687 in
723 2659 835 2688 naso
867 2647 889 2687 I
921 2660 998 2688 om.
1033 2647 1194 2689 catast.
1235 2643 1254 2700 ΙΙ
1295 2648 1347 2686 18
1380 2643 1456 2686 ἐπὶ
1487 2643 1725 2697 τραχήλου

104 2700 152 2756 γ’
183 2706 278 2748 Cat.
328 2703 347 2760 Η
399 2707 451 2815 ῙΙΕΙ)
492 2706 705 2746 excidisse
743 2702 997 2756 posteriore
1037 2706 1103 2743 uel
1141 2705 1223 2743 tale
1262 2704 1428 2756 aliquid
1463 2704 1724 2755 significant:

105 2775 184 2807 om.
220 2763 379 2805 Catast.
