1982 3230
0 0 98 172 ,Ε

0 175 83 241 ῗ-ς-ῑ.Ἃ
767 177 954 218 LIBER
983 178 1006 218 1
1663 173 1690 223 7

70 323 310 389 quosdam
347 318 552 371 caelitus
579 318 876 375 defluentes,
917 333 1041 383 quos
1066 317 1399 368 transeundos
1437 331 1545 366 esse
1581 330 1695 381 per-

71 393 290 450 hibebat,
319 390 411 458 <ut
438 391 497 440 ad
527 391 673 440 deum
702 391 882 454 ipsum,
913 404 1060 453 quem
1090 389 1349 453 repperire
1377 402 1527 437 curae
1554 391 1696 441 esset,

70 464 409 530 peruenirent.
463 476 639 510 uerum
678 460 880 510 eosdem
919 473 1090 508 amnes
1128 458 1453 508 diuersicolor
1488 458 1697 507 ssuento-

73 550 186 585 rum
223 533 621 597 discrepantium'
648 531 778 581 unda
814 529 1055 594 raptabat.
1110 531 1293 594 quippe
1330 531 1520 594 primus
1557 529 1696 578 diffu-

0 617 53 667 ,5
76 605 223 655 sioris
261 619 317 653 ac
344 601 523 668 prolixi
561 601 777 651 ambitus
804 615 986 666 gurges
1022 599 1219 649 liuentis
1256 615 1410 665 aquae
1446 599 1707 648 uolumine

0 670 5 690 ³
74 674 316 726 nebuloso
344 680 489 738 atque
528 672 703 735 algidis
730 671 995 722 admodum
1024 672 1281 735 pigrisque
1319 670 1548 720 cursibus
1585 670 1700 718 hae-

73 744 264 795 sitabat.
321 745 530 794 interius
567 742 688 792 alius
717 742 856 792 lactis
891 744 1047 790 instar
1086 742 1421 806 candidaeque
1456 740 1580 790 lucis
1606 742 1698 788 mi-

73 818 136 866 tis
189 816 353 877 omnia
414 816 708 880 quietusque
756 819 894 862 motu
940 813 1099 862 undas
1145 811 1378 862 uoluebat
1424 818 1699 875 argenteas,

75 887 251 937 tertius
290 900 412 935 uero
449 886 599 934 nimio
637 883 893 947 rubroque
930 884 1044 946 igne
1081 883 1339 932 rutilantes
1362 882 1702 945 'festinataque

8 968 52 1017 io
74 955 334 1023 rapiditate
369 956 665 1020 praecipites
702 955 1023 1018 fragososque
1063 968 1238 1003 cursus
1284 953 1459 1003 anhela
1498 953 1702 1018 sulphu-

72 1043 192 1078 reus
226 1026 477 1077 celeritate
513 1024 792 1090 torquebat.
870 1028 953 1090 qui
990 1025 1123 1073 hunc
1163 1024 1465 1088 sequebatur
1503 1030 1704 1073 auratus

74 1113 132 1147 ac
158 1097 375 1161 fulgidus
412 1103 460 1146 et
486 1097 697 1146 [lammis
724 1094 1102 1144 coruscantibus
1138 1095 1345 1144 rutilans
1382 1095 1468 1144 sed
1496 1095 1703 1144 diuersi-

75 1174 154 1217 ate
200 1167 462 1216 fluminum
522 1168 772 1230 utrimque
823 1167 1120 1214 coniunctus
1169 1165 1463 1229 quibusdam
1511 1164 1688 1215 riuulis

74 1239 368 1288 intermixtis
407 1243 644 1301 quantum
694 1236 932 1300 pensabat
984 1237 1259 1286 moderatio
1310 1236 1703 1300 temperabatur.

13 1318 56 1351 1⁵
82 1323 258 1358 uerum
307 1309 511 1356 interior
558 1306 639 1356 ille
681 1306 864 1355 electro
903 1309 1077 1369 purior
1126 1305 1482 1370 resplendebat
1510 1307 1702 1359 amnis,

79 1394 229 1444 quem
258 1384 454 1442 praeter
483 1382 677 1426 ceteros
705 1377 1037 1426 Fortunarum
1077 1376 1159 1426 ille
1189 1379 1464 1427 consistens
1491 1376 1707 1441 populus

81 1447 358 1513 appetebat.
437 1462 645 1512 quarum
686 1447 805 1496 alias
845 1448 947 1497 eius
987 1448 1109 1497 odor
1150 1454 1195 1497 et
1235 1446 1428 1497 halatus
1466 1447 1704 1503 illexerat,

81 1517 200 1568 alias
235 1518 360 1568 lenis
396 1519 556 1568 undae
594 1520 762 1567 canori
799 1517 1106 1581 permulsere
1145 1518 1439 1568 modulatus,
1509 1525 1704 1583 gustum

84 1595 246 1639 autem
285 1589 613 1654 haustumque
654 1589 849 1654 quam>
898 1589 1067 1653 plures
1106 1606 1165 1639 ex
1207 1590 1381 1639 eodem
1422 1589 1704 1639 dulcissimo
1740 1595 1763 1630 7
1777 1591 1811 1631 G

4 1670 60 1704 -εο
83 1658 277 1724 gurgite
304 1659 548 1709 sitiebant.
602 1675 695 1708 nec
722 1660 927 1709 deerant
954 1661 1039 1724 qui
1074 1660 1246 1710 eadem
1274 1661 1435 1710 foueri
1472 1659 1708 1725 abluique

78 1729 278 1796 lympha
318 1745 374 1779 ac
411 1746 462 1780 se
499 1731 547 1778 in
584 1730 717 1780 illam
751 1732 915 1779 iacere
944 1730 1224 1795 cupiebant.
1287 1738 1487 1793 praeter
1526 1747 1580 1781 ea
1609 1732 1707 1780 duo

79 1801 415 1850 restrictiores
453 1802 561 1850 sinu
601 1800 885 1864 ambituque
920 1816 1077 1864 paruo
1117 1801 1440 1864 raptabantur
1486 1802 1706 1857 interim,

83 1883 297 1934 quorum
335 1879 545 1935 uterque
572 1870 663 1933 pro
692 1870 902 1920 aliorum
930 1872 1110 1920 uicinia
1140 1879 1188 1920 et
1215 1872 1431 1921 confinio
1460 1872 1710 1921 coloratus

62 1942 316 2004 ‘exiguum
367 1942 556 2005 proprii
606 1942 798 2004 saporis
846 1941 1074 1990 haustum
1125 1941 1276 1991 multa
1324 1942 1575 1992 mutabilis
1625 1943 1708 1992 ad-

30 2021 62 2056 25
85 2012 322 2060 mixtione
358 2016 592 2060 traxerat.
657 2027 770 2060 nam
798 2010 920 2060 alter
947 2013 1094 2061 nimia
1130 2011 1380 2062 celeritate
1419 2013 1624 2063 festinus
1652 2029 1709 2062 ac

81 2079 376 2146 plerumque
414 2083 690 2131 consistens
726 2081 1055 2146 relabensque
1092 2083 1362 2132 ferebatur.
1427 2084 1551 2134 alius
1586 2099 1708 2133 uero

84 2151 330 2214 quandam
354 2151 597 2219 undarum
620 2153 895 2215 auriginem
917 2159 1113 2216 gestans
1128 2154 1457 2219 flexuosisque
1477 2155 1708 2205 anfracti-

82 2220 176 2272 bus
215 2221 528 2271 errabundus
563 2223 828 2287 spumabat
865 2226 1056 2273 cunctis
1093 2224 1364 2274 seminibus
1390 2225 1707 2275 fluentorum.

83 2290 135 2340 hi
170 2292 319 2355 igitur
347 2307 522 2342 cursus
549 2292 807 2352 discoloris
843 2310 1013 2344 amnes
1037 2295 1316 2359 praedictas
1343 2311 1512 2345 rerum
1549 2298 1707 2345 natio·
1746 2299 1798 2338 15

17 2372 62 2405 ¹3⁰
85 2363 598 2433 numqueqFortunas
654 2365 910 2414 immensis
957 2366 1120 2430 primo
1169 2365 1357 2415 sinibus
1414 2366 1712 2416 ambiebant.

84 2435 207 2481 tunc
235 2433 429 2482 diuersa
459 2434 705 2483 undarum
745 2435 1036 2499 uiolensque
1064 2437 1297 2500 rapiditas
1325 2437 1540 2501 singulas
1569 2452 1714 2501 quas-

85 2517 182 2567 que
219 2504 524 2567 persuadens
559 2505 813 2567 inprouisa
840 2507 890 2554 ui
916 2521 1007 2570 per
1030 2506 1236 2556 decliuis
1263 2507 1390 2556 aluei
1418 2508 1715 2572 praecipites

82 2571 254 2637 lapsus
289 2573 476 2638 rapidis
502 2574 785 2625 turbinibus
812 2577 1155 2641 pertrahebat,
1192 2580 1253 2627 ita
1283 2587 1336 2627 ut
1364 2577 1487 2626 alius
1516 2579 1710 2627 easdem

200 2715 225 2753 2
258 2726 367 2754 cura
399 2712 457 2754 B¹
482 2711 501 2768 ΙΙ
533 2719 656 2756 esset
684 2718 845 2768 scripsi
875 2722 943 2758 est
973 2717 1056 2758 BR
1105 2715 1123 2771 Η
1173 2720 1198 2759 8
1230 2731 1314 2770 per
1343 2719 1498 2758 omnia
1530 2719 1588 2758 bd
1614 2715 1632 2771 Η
1663 2721 1714 2760 10

86 2767 261 2809 hanela.
293 2771 333 2810 B
360 2767 378 2824 ΙΙ
409 2771 713 2823 sulphubreus
746 2774 786 2812 D
815 2770 834 2827 ss
864 2776 915 2813 12
950 2774 1337 2814 choruscantibus
1369 2776 1408 2813 D
1437 2771 1455 2827 Ι]
1487 2777 1538 2815 13
1568 2776 1712 2815 utrin-

89 2836 174 2876 que
208 2822 360 2880 121114
394 2828 686 2880 temperabat
718 2828 759 2868 B
789 2825 808 2883 Η
839 2831 890 2871 15
922 2830 1002 2870 illo
1036 2826 1189 2882 01117
1223 2831 1374 2870 alatus
1406 2831 1510 2870 B'D
1531 2827 1624 2885 {122
1658 2845 1712 2872 ac

91 2881 195 2922 sinu
226 2879 377 2935 31124
409 2885 704 2924 ammixtione
738 2885 776 2926 R
804 2882 823 2939 Η
851 2890 905 2927 25
936 2891 1121 2926 traxere
1153 2885 1269 2926 B¹R¹
1301 2884 1318 2939 ΙΙ
1347 2899 1543 2939 namque
1575 2887 1598 2927 b
1619 2884 1638 2940 Η
1659 2891 1711 2930 27

89 2937 347 2990 auriginem
377 2942 534 2993 scripsi
563 2942 792 2993 originem
823 2942 906 2983 BR
926 2939 944 2996 Η
966 2944 1018 2982 29
1051 2942 1117 2981 hii
1148 2939 1250 2995 1231}
1273 2943 1526 2984 discolores
1559 2944 1616 2983 -B1
1640 2942 1662 2998 ll
