1982 3230
265 1054 316 1094 16

242 1629 316 1669 &G

353 134 385 184 8
834 133 1139 177 MARTIANI
1172 134 1494 178 CAPELLAE

350 276 643 339 plerumque
679 273 818 323 alteri
841 274 1209 326 transfunderet
1233 277 1385 327 fluuio
1421 283 1469 327 et
1495 293 1642 341 quam
1668 276 1751 328 ille
1777 276 1966 329 exerci-

352 354 448 394 tam
476 345 620 407 longa
649 344 919 394 eonlisione
946 353 1179 404 uexarat,
1206 346 1330 397 alter
1356 353 1440 397 aut
1463 350 1600 412 ripae
1625 348 1859 400 redderet
1883 354 1967 400 aut

351 431 495 465 amne
532 420 789 464 mersaret.
843 431 943 464 non
979 422 1145 466 tamen
1182 418 1423 468 Fortunas
1458 434 1630 468 omnes
1662 418 1732 469 illi
1767 421 1965 484 sangui·-

348 501 473 535 neus
520 492 603 534 aut
651 485 906 535 caeruleus
949 487 1197 536 inuolutas
1245 489 1463 551 gurgites
1510 489 1785 554 rapiebant.
1860 490 1964 554 ple-

348 571 559 621 rumque
606 555 735 606 illius
768 556 909 606 lactei
948 558 1230 620 praenitens
1281 559 1413 608 unda
1450 566 1656 623 repente
1709 566 1964 625 correptas

350 628 608 676 eminentis
644 634 830 676 tractus
875 629 1062 676 uertice
1112 628 1432 678 subuehebat.
1509 630 1769 694 aliquando
1817 632 1964 680 etiam

350 697 636 747 sublimatas
662 703 810 762 atque
836 698 989 747 fluctu
1019 697 1222 748 elatiore
1250 715 1516 763 suspensas
1543 702 1592 748 in
1622 699 1756 750 illum
1785 716 1965 751 cruen-

349 776 427 817 tae
462 768 793 817 similitudinis
829 767 1068 817 reiciebat
1113 775 1301 819 aestum
1340 776 1422 819 aut
1458 772 1506 819 in
1544 777 1816 821 torrentem
1853 769 1965 820 liui-

350 839 465 887 dum
503 839 749 888 uorandas
775 839 910 888 hiatu
936 840 1076 903 piceo
1105 839 1389 904 despuebat.
1452 840 1641 890 alterna
1675 843 1825 905 igitur
1852 856 1965 905 per·

349 910 581 958 mixtione
629 910 894 958 fluuiorum
941 908 1023 958 ille
1068 909 1400 960 Fortunarum
1448 911 1659 975 populus
1710 911 1962 974 agebatur.

348 993 509 1043 neque
546 981 674 1028 enim
712 979 809 1028 ulla
845 994 1051 1044 prorsus
1087 988 1192 1029 erat
1218 995 1343 1043 quae
1380 981 1439 1029 ab
1477 983 1611 1030 omni
1648 983 1864 1031 inmunis
1889 983 1965 1030 in-

350 1065 497 1099 cursu
524 1057 802 1114 cunctoque
838 1057 967 1099 esset
993 1051 1184 1114 gurgite
1211 1052 1398 1100 feriata.
1453 1052 1665 1116 denique
1691 1053 1853 1101 Virtus
1889 1067 1964 1101 se-

349 1126 459 1169 cuta
500 1120 767 1184 Cyllenium
808 1121 923 1169 dum
965 1120 1066 1170 sola
1115 1127 1321 1170 cunctos
1357 1122 1583 1171 interrite
1623 1127 1962 1179 transmearet,

348 1190 462 1239 licet
501 1207 605 1239 eam
648 1206 824 1254 magno
868 1192 1065 1253 fragore
1102 1189 1433 1256 <collISerint,
1476 1199 1639 1241 tamen
1679 1193 1964 1256 opprimere

347 1276 447 1309 non
487 1262 768 1324 quiuerunt.
844 1262 1041 1310 tandem
1075 1268 1215 1310 trans
1249 1262 1450 1315 fluuios,
1493 1264 1574 1326 qui
1614 1262 1676 1312 ad
1714 1261 1959 1326 quoddam

347 1330 536 1380 Phoebi
562 1331 814 1395 spelaeum
842 1331 1155 1388 ferebantur,
1186 1347 1298 1380 cum
1325 1332 1515 1381 Virtute
1542 1333 1819 1382 Mercurius
1846 1347 1964 1382 con·

347 1403 589 1450 stiterunt.
652 1417 708 1450 ac
751 1407 869 1450 tunc
896 1402 1118 1450 Latoium
1156 1403 1424 1466 conspicati
1459 1402 1586 1451 edito
1625 1402 1963 1451 considentem

348 1472 603 1536 arduoque
638 1478 871 1535 suggestu
909 1480 1054 1535 atque
1089 1473 1139 1519 in
1176 1480 1446 1535 conspectu
1493 1478 1723 1536 quattuor
1763 1471 1964 1522 urnulas

347 1543 610 1606 adopertas
647 1543 858 1591 uicissim
898 1549 1044 1607 atque
1071 1542 1271 1592 alternis
1307 1542 1697 1605 inspectionibus
1726 1542 1961 1600 enudare,

348 1628 473 1675 quae
509 1613 705 1661 diuersa
740 1614 904 1676 specie
941 1612 1247 1676 metallisque
1285 1612 1537 1662 formatae.
1616 1628 1731 1662 nam
1766 1628 1866 1662 una
1900 1629 1957 1663 ex

347 1684 480 1732 ferro
517 1691 752 1747 quantum
780 1683 938 1732 conici
965 1684 1123 1747 potuit
1149 1683 1372 1737 duriore,
1411 1683 1503 1732 alia
1541 1699 1600 1732 ex
1636 1684 1830 1751 argenti
1865 1682 1960 1732 ful-

349 1755 569 1816 gentiore
597 1755 819 1809 materie,
848 1754 990 1802 tertia
1018 1753 1214 1802 liuentis
1240 1752 1427 1816 plumbi
1454 1748 1587 1802 fusili
1615 1753 1798 1802 robore
1824 1753 1960 1802 uide-

348 1823 508 1873 batur.
566 1828 613 1872 at
641 1839 761 1873 uero
789 1824 998 1887 propior
1026 1824 1117 1873 deo
1144 1823 1447 1887 perlucentis
1482 1825 1600 1872 uitri
1637 1822 1739 1872 salo
1765 1823 1963 1872 renide-

348 1894 446 1943 bat.
498 1894 718 1957 singulae
746 1900 907 1944 autem
944 1909 1109 1943 rerum
1139 1895 1379 1957 quaedam
1406 1895 1593 1942 semina
1621 1893 1966 1958 elementaque

350 1965 620 2027 gestabant.
662 1979 773 2012 nam
801 1964 998 2013 flamma
1024 1964 1312 2028 flagrantior
1339 1971 1388 2012 et
1414 1964 1473 2012 ab
1501 1965 1619 2027 ipsis
1646 1957 1965 2020 Cecau‘menis

354 2034 603 2083 exanclata
650 2034 903 2082 fomitibus
954 2050 1011 2082 ex
1062 2034 1179 2082 ferri
1217 2035 1464 2098 praedicta
1515 2034 1775 2084 anhelabat
1822 2047 1963 2091 urna,

351 2120 475 2168 quae
511 2111 672 2153 tamen
711 2115 943 2152 VERTEX
970 2115 1288 2152 MVLCIFERI
1328 2104 1597 2152 dicebatur.
1673 2103 1764 2153 alia
1802 2105 1964 2160 etiam,

351 2191 474 2239 quae
514 2175 673 2223 fuerat
712 2189 768 2222 ex
810 2175 997 2235 argenti
1038 2175 1267 2230 materie,
1307 2173 1621 2237 praeferebat
1658 2188 1834 2223 serena
1872 2172 1964 2223 ful-‘-

350 2247 512 2308 gentia
553 2250 601 2293 et
627 2245 879 2293 uernantis
906 2243 1026 2292 caeli
1053 2245 1290 2306 temperie
1330 2244 1602 2293 renidebat.
1667 2244 1797 2292 hanc
1835 2243 1966 2295 dice-

352 2316 470 2364 bant
502 2327 681 2365 RISVM
718 2326 889 2364 IOVIS.
953 2313 1031 2361 illa
1060 2330 1181 2362 uero
1210 2313 1394 2363 metalli
1422 2315 1665 2377 grauioris
1691 2313 1835 2378 plena
1870 2329 1962 2363 un·

353 2387 501 2435 dosae
520 2386 694 2434 hiemis
715 2390 860 2448 atque
883 2384 1028 2447 algidi
1042 2384 1237 2446 frigoris
1260 2400 1351 2433 nec
1371 2399 1469 2433 non
1491 2385 1634 2433 etiam
1654 2385 1960 2447 pruinarum,

351 2457 474 2505 haec
501 2466 750 2507 SATVRNI
777 2454 1048 2503 uocabatur
1075 2466 1338 2503 EXITIVM.
1401 2461 1449 2503 at
1475 2470 1594 2503 uero
1622 2453 1709 2503 sali
1743 2452 1979 2517 resplen«

353 2528 512 2576 dentis
548 2533 694 2589 atque
729 2526 786 2574 ad
823 2526 974 2588 ipsius
1010 2524 1088 2573 dei
1127 2525 1347 2574 dextram
1386 2526 1501 2581 sita,
1541 2526 1668 2573 aeris
1705 2527 1854 2572 totius
1887 2538 1963 2573 se-

352 2597 564 2646 minibus
592 2603 696 2645 erat
722 2596 917 2644 referta.
969 2595 1096 2643 hanc
1124 2606 1359 2645 IVNONIS
1386 2606 1579 2644 VBERA
1606 2593 1963 2643 memorabant.

465 2725 491 2762 2
522 2727 715 2764 uexaret
745 2722 782 2761 R
822 2718 830 2775 1
883 2723 907 2761 7
942 2720 1089 2772 adque
1122 2721 1158 2760 R
1197 2717 1215 2773 {l
1256 2723 1279 2760 9
1311 2720 1564 2761 uox-andum
1594 2719 1676 2760 BR
1705 2732 1819 2760 corr.
1847 2732 1880 2771 p

354 2781 407 2818 14
445 2780 701 2832 obprimere
740 2779 779 2817 D
840 2775 847 2830 Ι
899 2779 950 2816 16
982 2777 1217 2829 spelaeum
1246 2779 1404 2828 ser-ipsi
1439 2775 1755 2829 spectaculum
1792 2774 1878 2815 BD

355 2835 405 2874 1‘1
438 2836 766 2887 conspicantur
795 2835 836 2874 D
882 2831 901 2887 Η
947 2835 1000 2874 26
1033 2833 1284 2874 hanelabat
1313 2833 1355 2872 B
1394 2829 1413 2886 Η
1459 2833 1513 2873 27
1545 2831 1786 2872 mulciberi
1816 2829 1873 2871 B¹

354 2891 407 2931 -28
438 2892 634 2931 materia
667 2893 706 2931 D
745 2888 764 2944 ΙΙ
1324 2888 1338 2900 “
