1982 3230
302 151 406 205 338
559 152 562 155 ·
646 178 649 181 ι
779 150 1080 194 MARTIANI
1109 150 1430 198 CAPELLAE

306 292 579 357 digreditur
606 297 654 340 et
679 291 739 341 ad
767 306 821 340 os
855 291 1088 342 reductae
1121 293 1323 343 tandem
1359 293 1563 357 uirginis
1596 293 1757 345 studio
1793 295 1908 362 pro-

303 367 510 428 perante
546 363 874 411 concurritur.
949 377 1126 412 uerum
1171 371 1270 413 tam
1309 363 1586 428 puellarum
1620 380 1745 430 quae
1794 365 1922 417 deas.

305 433 527 482 dominas
555 438 848 482 consecutae
869 447 999 496 pone
1021 432 1147 483 forte
1174 435 1511 492 constiterant,
1535 449 1680 498 quam
1701 436 1911 486 heroum

303 502 517 568 populus
553 502 636 566 qui
674 503 833 552 iussus
868 501 1141 553 aduenerat
1177 503 1503 568 properabat:
1539 504 1651 555 illae
1691 512 1742 563 ut
1777 504 1908 571 psal-

304 572 438 623 lendi
472 574 732 623 materiem
768 573 1041 630 discerent,
1078 573 1130 622 hi
1165 581 1219 623 ut
1253 575 1381 624 sacri
1413 574 1580 625 uultus
1616 578 1908 626 memoriam
1950 587 1975 621 5

191 660 274 700 905
306 648 639 693 recenserent.
715 658 808 693 nec
833 658 974 692 mora
1001 651 1050 692 et
1077 659 1192 694 ecce
1220 644 1459 709 quaedam
1493 646 1708 696 suauitas
1732 647 1908 696 intem·

235 737 237 741 .
272 719 433 825 'ptata
461 713 747 778 aulicaeque
786 712 1059 763 dulcedinis
1095 720 1268 765 cantus
1303 716 1546 773 insonuit,
1587 732 1644 766 ac
1668 715 1909 767 melodiae

303 783 433 834 ultra
470 789 646 834 cuncta
682 799 852 833 rerum
889 782 1215 834 oblectamina
1252 788 1533 836 recinentes
1570 786 1791 836 auditum
1817 788 1906 836 mi-

302 855 516 904 rantium
545 853 846 918 conpleuere
872 853 1057 904 diuum.
1121 870 1221 904 non
1249 857 1379 905 enim
1405 852 1611 920 simplex
1638 857 1834 922 quidam
1861 861 1910 906 et

302 925 448 975 unius
483 926 721 974 materiae
755 923 1013 974 tinnitibus
1050 925 1327 975 modulatus
1354 926 1441 975 sed
1467 927 1687 976 omnium
1714 927 1905 989 organi·
1930 937 1973 970 10

305 1010 474 1044 carum
513 1010 696 1044 uocum
742 995 1018 1044 consociata
1055 996 1317 1059 permixtio
1355 996 1600 1059 quandam
1646 996 1906 1062 plenitudi-

302 1080 417 1114 nem
456 1066 763 1114 cuncticinae
798 1063 1064 1129 uoluptatis
1100 1064 1310 1115 admisit.
1386 1080 1483 1130 quo
1521 1081 1701 1115 canore
1727 1066 1909 1116 diutius

303 1137 729 1185 circumstantium
763 1140 967 1199 pectora
993 1135 1296 1200 deorumque
1323 1135 1569 1186 mulcente
1604 1135 1717 1204 illae
1741 1150 1908 1200 egres·
1960 1159 1965 1164 ·

302 1221 472 1256 sorum
508 1205 655 1270 paulo
699 1210 813 1254 ante
847 1205 1024 1255 turbae
1064 1206 1332 1255 aduentum
1369 1207 1578 1269 uirginis
1612 1203 1908 1272 praeeuntes

303 1292 383 1333 ac,
429 1278 553 1325 tanti
597 1276 879 1333 comitatuS,
925 1275 1302 1341 praeambulare
1355 1277 1600 1326 uisuntur.
1675 1276 1762 1327 sed
1804 1291 1904 1326 non
1929 1285 1974 1319 1⁵

304 1361 470 1395 cassae
496 1345 768 1395 dulcedinis
807 1360 901 1395 nec
928 1347 1032 1395 sine
1058 1345 1220 1410 aliquo
1257 1348 1428 1396 sonori
1462 1345 1805 1396 modulaminis
1831 1362 1908 1397 ar-

304 1421 536 1480 gumento
575 1421 657 1465 aut
693 1430 844 1479 opere
887 1421 1221 1465 reuerterunt.
1318 1431 1433 1464 nam
1459 1416 1658 1466 Eratine
1687 1417 1908 1482 Cypridis

302 1485 400 1535 filia
440 1491 488 1536 et
522 1486 751 1534 Himeros
788 1485 1040 1550 Cupidinis
1086 1486 1348 1535 adsecutor
1392 1487 1609 1551 itemque
1644 1485 1846 1550 Terpsis
1881 1501 1932 1538 e,

148 1567 236 1605 307
250 1564 283 1604 G
305 1555 542 1605 famulitio
565 1556 750 1605 Dionae
772 1555 1089 1605 concinentes
1110 1556 1384 1619 gratissime
1403 1557 1654 1606 intrauere
1674 1558 1906 1620 primum.

189 1636 271 1676 906
302 1626 389 1676 sed
415 1641 539 1690 puer
575 1625 871 1674 monauliter
906 1625 1128 1675 sonabat,
1203 1631 1315 1689 post
1348 1625 1440 1674 hos
1477 1625 1739 1689 psallentes
1764 1625 1907 1676 Pitho
1929 1637 1971 1670 20

302 1695 535 1760 Voluptas
571 1695 657 1761 <et
683 1695 882 1745 Gratiae
918 1695 1142 1745 admixtis
1177 1693 1313 1761 lyrae
1347 1695 1555 1746 uocibus
1590 1702 1736 1762 atque
1771 1698 1907 1761 ipsae

301 1767 601 1817 harmonicis
629 1765 940 1816 dissultantes
965 1765 1180 1815 motibus
1207 1766 1471 1816 aduenere.
1547 1766 1715 1816 dextra
1742 1766 1906 1817 laeua-

303 1853 398 1902 que
434 1838 622 1886 interea
657 1835 985 1900 praecedebat
1010 1851 1248 1886 numerus
1283 1836 1493 1886 heroum
1522 1837 1907 1902 crinitorumque

215 1938 222 1943 -
302 1907 600 1972 sapientum,
630 1907 714 1971 qui
740 1921 912 1956 omnes
949 1905 1281 1956 modulatione
1308 1907 1505 1972 quidem
1530 1906 1629 1957 leni
1655 1914 1908 1971 paruaque

299 1993 425 2027 uoce
470 1975 722 2043 qualibet>
765 1975 1023 2026 dulcedine
1067 1983 1432 2027 murmurantes
1476 1977 1563 2026 sed
1609 1976 1691 2027 alii
1735 1977 1905 2027 laudes
1925 1987 1967 2020 25

267 2048 508 2161 {deorum
534 2047 843 2112 hymnosque
869 2062 1015 2112 quam
1041 2046 1241 2111 plurimi
1268 2046 1348 2096 alii
1373 2048 1588 2097 musicos
1613 2053 1756 2096 tonos
1784 2061 1905 2111 quos

300 2117 448 2166 modo
484 2123 813 2188 conpererant
845 2116 1159 2174 retexebant,
1204 2132 1380 2166 uerum
1415 2132 1505 2181 per
1541 2117 1755 2167 medium
1797 2117 1904 2182 qui-

301 2188 414 2237 dam
441 2193 660 2251 agrestes
687 2187 952 2250 canorique
978 2187 1196 2243 semidei,
1219 2201 1431 2250 quorum
1453 2187 1580 2236 hirci
1618 2187 1757 2236 edem
1818 2201 1904 2236 an-

301 2258 438 2316 dura,
476 2255 728 2306 Siluanum
756 2256 1046 2305 harundinis
1074 2257 1242 2305 enodis
1268 2255 1429 2305 fistula
1467 2248 1719 2313 sibilatrix,
1763 2271 1903 2306 rure-

301 2329 416 2378 stris
451 2327 676 2376 Faunum
720 2325 838 2376 tibia
876 2327 1163 2376 decuerunt.
1239 2341 1412 2376 uerum
1449 2341 1660 2389 sequens
1694 2326 1902 2375 heroum
1927 2337 1968 2369 30

415 2511 438 2550 1
470 2507 734 2562 degreditur
755 2506 857 2548 B¹R
893 2505 915 2562 Π
953 2521 1002 2549 os
1022 2510 1180 2560 scripsi
1207 2521 1289 2549 nos
1310 2507 1391 2548 BR
1429 2505 1449 2562 Η
1486 2511 1791 2561 properanter
1806 2521 1838 2559 p
1866 2505 1886 2562 Η

299 2569 325 2608 3
357 2566 563 2606 dominas
591 2565 821 2605 Vulcanius
861 2565 1040 2605 domine
1071 2565 1110 2604 R
1147 2564 1359 2605 dominae
1390 2564 1433 2604 B
1482 2562 1501 2619 Η
1549 2567 1575 2605 6
1605 2564 1903 2604 interiectata

298 2636 323 2663 r
367 2619 390 2676 Η
438 2623 462 2662 7
494 2619 769 2674 aulidaeque
796 2619 879 2661 BR
931 2617 950 2674 Η
1001 2622 1028 2661 8
1068 2621 1380 2662 obieetamina
1409 2619 1511 2660 B¹R
1555 2617 1576 2674 Η
1625 2621 1677 2660 17
1710 2620 1902 2660 eratime

297 2677 365 2718 rB
407 2675 427 2731 [Ι
468 2678 521 2718 18
550 2677 717 2717 imeros
738 2676 821 2717 BR
858 2674 880 2730 [l
925 2678 1113 2730 terpsiss
1146 2677 1210 2718 bR
1249 2674 1268 2731 ΙΙ
1309 2678 1361 2718 19
1391 2676 1526 2717 dione
1546 2675 1629 2715 BR
1666 2673 1686 2729 ΙΙ
1724 2677 1779 2716 20
1807 2688 1902 2717 mo-

298 2733 460 2774 niliter
488 2747 513 2772 r
542 2733 816 2774 monauliter
836 2733 859 2773 b
889 2733 1174 2774 monauloter
1192 2733 1275 2774 BR
1312 2731 1331 2787 11
1370 2732 1466 2786 pito
1485 2731 1568 2771 BR
1594 2728 1614 2785 H
1652 2733 1706 2772 21
1740 2732 1900 2784 graiae

298 2792 340 2829 D
379 2787 396 2843 Ι]
435 2789 554 2830 lirae
576 2791 617 2830 D
655 2786 675 2843 Π
713 2791 767 2829 22
796 2789 1040 2830 armonicis
1068 2788 1152 2829 BD
1191 2786 1212 2844 Η
1250 2791 1305 2830 24
1334 2791 1377 2829 in
1407 2787 1665 2840 sapientum
1687 2790 1730 2827 in
1749 2787 1839 2827 Bu
1859 2790 1902 2827 in

299 2858 388 2885 ras.
430 2843 449 2899 Η
489 2847 543 2886 26
572 2857 823 2897 ymnosque
845 2844 927 2889 BR
965 2842 1078 2899 11-28
1108 2844 1465 2898 hyrcipedemR
1504 2840 1522 2898 ΙΙ
1561 2843 1769 2896 pandora
1796 2843 1820 2883 b
1859 2840 1879 2897 ΙΙ

299 2903 354 2941 29
396 2901 621 2943 sibilatris
653 2903 697 2942 ni
709 2902 846 2952 fallor
866 2900 924 2940 B¹
959 2901 1165 2943 sbilatris
1197 2902 1233 2942 R
1271 2898 1290 2954 Π
