1982 3230
310 96 378 148 76
536 92 539 93 ’
790 98 1089 141 MARTIANI
1116 98 1439 140 CAPELLAE

291 240 488 290 Latina
515 247 644 298 sunt,
673 246 850 290 neutra
875 246 990 289 sunt
1014 244 1074 299 ut,
1093 238 1324 289 monile
1350 238 1572 289 sedile.
1628 238 1751 288 haec
1774 251 1916 305 prae·
1963 222 1982 298 Ῐ

315 317 388 360 ter
407 324 563 367 casuS,
594 325 716 374 quos
743 309 925 360 similes
946 309 1144 368 habent,
1174 309 1396 359 datiuum
1424 323 1536 358 cum
1562 308 1775 358 ablatiuo
1801 324 1918 360 con·
1957 308 1974 383 gs

315 380 528 430 fundunt
555 387 607 430 ut
642 381 781 430 huic
809 386 856 430 et
894 380 963 429 ab
1007 379 1124 430 hoc
1169 379 1417 429 monili
1433 377 1644 436 sedili,
1685 381 1919 444 quoniam
1973 383 1977 387 “

314 450 557 500 ablatiuus
585 452 624 499 si
649 452 701 499 in
722 451 760 500 E
782 451 954 500 exierit
974 457 1206 515 quattuor
1233 465 1374 499 casus
1401 448 1581 499 similes
1604 447 1765 507 faciet,
1787 451 1918 515 quod
1970 471 1977 487 ν

312 526 604 571 neutrorum
642 523 898 570 nominum
937 520 1196 570 declinatio
1232 535 1332 569 non
1368 520 1592 569 admittit.
1649 533 1763 569 nam
1791 522 1916 584 quac
1950 510 1982 565 's'

312 590 351 640 E
379 591 616 655 producta
654 593 701 639 in
738 592 1038 640 nominatiuo
1071 592 1329 647 finiuntur,
1360 590 1547 639 Graeca
1573 595 1687 638 sunt
1721 591 1918 653 generis

172 658 225 697 72
246 656 281 698 G
313 661 534 711 feminini
569 667 623 710 ut
647 662 852 724 Agaue
877 662 1073 710 Auton
1091 677 1118 709 ο
1134 677 1159 710 6
1187 661 1491 709 Graecorum
1527 674 1668 709 more
1694 666 1808 709 sunt
1833 661 1916 710 de·
1974 690 1982 695 -

314 731 567 788 clinanda,
607 738 662 780 ut
698 733 1029 780 nominatiuus
1068 732 1260 780 datiuus
1297 732 1554 780 uocatiuus
1593 736 1641 780 et
1677 729 1919 780 ablatiuus
1967 759 1977 769 ·-

312 816 457 864 pares
494 804 615 859 sint,
663 804 923 866 genetiuus
950 801 1006 857 S,
1055 802 1365 851 accusatiuus
1392 800 1432 850 N
1468 801 1713 850 finiantur.
1792 815 1916 866 quae
1972 851 1975 854 ,

245 893 249 896 ·
313 877 477 920 autem
505 873 702 920 nomina
733 872 771 919 E
805 873 855 919 in
881 874 918 921 A
946 878 1245 921 conuertunt
1268 877 1323 920 ut
1346 871 1509 920 And1
1523 871 1775 920 omache
1801 857 1982 920 An-1·

313 942 648 990 dromacha
675 943 746 990 sic
773 941 1083 990 declinantur
1101 947 1157 990 ut
1174 942 1345 990 Latina
1370 943 1421 989 in
1442 942 1480 990 A
1501 941 1743 990 exeuntia.
1792 940 1814 989 Ι
1838 940 1916 990 lit·
1972 984 1982 990 .

313 1019 419 1060 tera
445 1013 709 1061 terminata
723 1011 892 1060 Latina
918 1014 1116 1060 nomina
1139 1013 1287 1060 totius
1307 1013 1504 1075 generis
1529 1016 1644 1059 sunt
1663 1025 1720 1060 ac
1744 1025 1917 1060 mono-
1972 1060 1982 1073 „

312 1087 450 1162 ptota
486 1088 540 1132 ut
573 1082 739 1144 frugi
774 1081 977 1130 nihili
1053 1083 1276 1143 gummi
1312 1087 1475 1130 autem
1511 1086 1561 1130 et
1593 1080 1797 1144 sinapi
1833 1095 1918 1145 pe·
1967 1090 1977 1137 ’,

311 1153 511 1215 regrina
550 1160 666 1201 sunt
703 1153 864 1201 neutri
899 1154 1095 1214 generis
1121 1157 1169 1200 et
1192 1157 1383 1201 tantum
1426 1151 1623 1200 numeri
1651 1149 1918 1214 singularis
1965 1143 1980 1194 ἶ

313 1222 400 1270 sed
437 1237 578 1271 casus
615 1222 789 1271 eodem
827 1222 975 1270 modo
1010 1220 1282 1272 decurrunt
1317 1226 1522 1285 excepto
1558 1221 1796 1283 genitiuo,
1834 1220 1917 1284 qui
1939 1225 1982 1269 ιδ

313 1292 345 1341 S
385 1293 559 1355 recipit
602 1297 656 1341 ut
693 1293 929 1356 sinapis
968 1292 1249 1355 gummiS,
1294 1292 1519 1355 quam-uis
1554 1295 1691 1340 recte
1726 1290 1918 1340 dicatur
1959 1298 1979 1327 1

198 1361 280 1400 292
312 1361 466 1410 haec
492 1376 522 1424 g
539 1363 767 1410 ummiS.
833 1361 872 1411 Ο
901 1360 1062 1410 littera
1088 1360 1278 1411 nullum
1305 1376 1485 1410 nomen
1512 1362 1563 1409 in
1590 1366 1768 1409 neutro
1795 1361 1915 1417 finit,
1962 1356 1982 1404 ζ’

310 1446 426 1481 nam
453 1437 535 1480 aut
561 1431 828 1480 masculina
855 1437 967 1481 sunt
992 1438 1045 1481 ut
1072 1432 1289 1480 Cicero
1326 1437 1409 1480 aut
1434 1431 1664 1480 feminina
1691 1435 1745 1479 ut
1769 1429 1918 1479 Iuno
1965 1428 1978 1498 {j

310 1501 580 1551 hirundo
615 1509 697 1550 aut
722 1502 920 1564 utrique
946 1503 1117 1565 generi
1145 1502 1425 1550 communia
1453 1507 1507 1550 ut
1541 1500 1730 1549 hom0.
1794 1515 1917 1565 quo·
1963 1516 1976 1555 :5

311 1587 424 1621 rum
452 1571 804 1621 declinationes
829 1573 880 1620 in
908 1571 1030 1621 duas
1055 1569 1283 1637 <species
1315 1576 1508 1626 exeunt,
1538 1584 1651 1619 nam
1672 1576 1756 1619 aut
1778 1569 1818 1618 Ο
1838 1569 1914 1619 lit·
1936 1578 1982 1620 20

312 1648 471 1691 teram
498 1642 548 1690 in
575 1640 786 1706 obliquis
812 1641 1007 1691 casibus
1033 1643 1249 1690 retinent
1274 1646 1328 1690 ut
1363 1642 1504 1689 unio
1531 1640 1806 1698 unioniS,
1834 1646 1918 1691 aut
1965 1637 1974 1661 ⁵

311 1712 412 1761 Iut
448 1712 675 1776 cupido
711 1711 966 1776 crepido
1004 1703 1325 1775 cupidinis
1364 1710 1743 1774 crepidiniS‚
1783 1715 1916 1767 utra·
1957 1739 1971 1770 7

312 1797 408 1846 que
458 1787 621 1831 autem
658 1780 843 1847 syllaba
882 1787 1110 1831 crescunt
1145 1783 1194 1830 in
1231 1780 1442 1846 obliquis
1481 1779 1677 1829 casibus
1721 1786 1917 1843 praeter
1956 1807 1967 1841 3

311 1854 595 1901 uocatiuum
631 1851 945 1915 singularem.
1021 1866 1163 1900 caro
1189 1857 1361 1900 autem
1403 1855 1598 1915 praeter
1634 1850 1762 1899 hanc
1799 1864 1915 1900 ana-

311 1921 491 1986 logiam
518 1928 572 1970 ut
590 1922 865 1971 declinetur
886 1921 1189 1971 consuetudo
1210 1922 1432 1984 optinuit,
1460 1922 1576 1968 item
1598 1919 1762 1976 Anio,
1791 1921 1916 1985 quae
1936 1929 1982 1966 25

311 1993 361 2040 in
397 2006 483 2040 sua
510 1991 836 2040 declinatione
871 1993 1014 2040 unica
1043 1998 1155 2040 sunt
1182 1997 1230 2041 et
1264 1993 1369 2040 sine
1410 1988 1647 2053 exemplis
1684 1982 1973 2040 similium*

311 2060 637 2110 declinantur.
736 2061 922 2110 faciunt
972 2063 1104 2110 enim
1153 2061 1333 2110 huius
1384 2061 1594 2109 carnis
1642 2059 1912 2109 Anienis.
1962 2104 1977 2117 ⁷.

311 2130 428 2179 duo
465 2137 512 2179 et
550 2130 724 2180 ambo
761 2145 872 2179 cum
900 2131 996 2178 sint
1021 2145 1219 2194 semper
1243 2129 1467 2194 pluralia,
1495 2143 1595 2178 non
1621 2123 1736 2178 stint
1761 2129 1914 2179 adnu-
1963 2130 1966 2134 ’

311 2200 549 2250 meranda
585 2201 661 2249 his
688 2214 813 2264 quae
841 2215 990 2264 supra
1018 2200 1137 2257 dixi,
1166 2215 1253 2249 sua
1281 2200 1413 2248 enim
1450 2198 1803 2248 consuetudine
1829 2199 1913 2248 de-

312 2269 575 2321 clinantur.
650 2272 837 2321 Graeca
874 2270 1072 2319 nomina
1111 2269 1313 2334 quae-O
1350 2268 1510 2318 littera
1554 2267 1817 2326 finiuntur,
1855 2284 1912 2319 ea
1934 2278 1982 2338 ³9

313 2355 437 2407 quae
464 2356 489 2390 a
516 2341 674 2404 prima
701 2341 942 2404 positione
972 2341 1021 2389 111
1047 2346 1266 2389 nostram
1292 2339 1501 2388 formam
1526 2339 1829 2387 transierunt
1862 2344 1915 2388 ut
1959 2346 1973 2370 -'·

309 2410 406 2461 leo
446 2411 635 2460 draco
673 2412 743 2460 sic
778 2410 1086 2460 declinantur
1123 2416 1176 2459 ut
1219 2410 1441 2460 Cicero
1487 2407 1652 2464 Milo,
1698 2411 1912 2457 ea‘uero

310 2495 437 2545 quae
463 2481 673 2546 primam
700 2481 773 2530 sui
810 2481 1103 2544 positionem
1139 2481 1383 2544 integram
1418 2483 1618 2529 seruant
1643 2482 1696 2526 ut
1721 2476 1782 2526 Io
1807 2477 1912 2526 Ino
1958 2511 1966 2518 ,-

311 2552 502 2602 Graeco
530 2566 668 2601 more
695 2550 1019 2608 declinantur,
1047 2557 1100 2600 ut
1126 2549 1306 2599 faciant
1330 2551 1377 2599 in
1406 2550 1622 2614 genitiuo
1647 2547 1747 2597 lus
1773 2546 1914 2597 Inus
1957 2548 1978 2562 ”

420 2750 447 2788 4
479 2752 676 2800 quatuor
704 2746 786 2787 BR
824 2743 843 2800 [1
882 2747 908 2786 9
939 2745 1173 2799 genitiuus
1206 2746 1243 2786 R
1281 2742 1300 2799 ΙΙ
1339 2745 1602 2786 aeusatiuus
1623 2744 1666 2784 B
1697 2748 1743 2786 61
1776 2757 1912 2790 aecu-

307 2804 486 2844 eatinus
508 2805 546 2844 R
594 2801 613 2856 Η
663 2805 714 2843 15
744 2815 826 2855 per
857 2808 954 2842 ante
985 2814 1119 2842 casus
1153 2803 1254 2843 add.
1294 2802 1412 2843 Vulc.
1461 2798 1481 2854 Η
1530 2803 1582 2841 22
1612 2802 1659 2841 in
1690 2801 1706 2840 i
1733 2800 1835 2841 B¹D
1873 2803 1896 2860 [Ι

308 2859 568 2910 crepedinis
593 2861 631 2899 D
678 2856 699 2912 H
748 2860 801 2900 32
832 2858 960 2898 milio
982 2856 1065 2896 BD
1113 2855 1133 2910 Ι]
