<?xml version="1.0" encoding="UTF-8"?>
<!DOCTYPE html PUBLIC "-//W3C//DTD XHTML 1.0 Transitional//EN"
    "http://www.w3.org/TR/xhtml1/DTD/xhtml1-transitional.dtd">
<html xmlns="http://www.w3.org/1999/xhtml" xml:lang="en" lang="en">
 <head>
  <title>
</title>
<meta http-equiv="Content-Type" content="text/html;charset=utf-8" />
  <meta name='ocr-system' content='tesseract 3.04.00' />
  <meta name='ocr-capabilities' content='ocr_page ocr_carea ocr_par ocr_line ocrx_word'/>
</head>
<body>
  <div class='ocr_page' id='page_1' title='image "./martianvscapella00martuoft_0044.png"; bbox 0 0 1982 3230; ppageno 0'>
   <div class='ocr_carea' id='block_1_1' title="bbox 1516 0 1982 159">
    <p class='ocr_par' dir='ltr' id='par_1_1' title="bbox 1516 0 1982 159">
     <span class='ocr_line' id='line_1_1' title="bbox 1516 0 1982 159; baseline 0 0"><span class='ocrx_word' id='word_1_1' title='bbox 1516 0 1982 159; x_wconf 95' lang='lat' dir='ltr'><strong>  </strong></span> 
     </span>
    </p>
   </div>
   <div class='ocr_carea' id='block_1_2' title="bbox 328 106 1828 179">
    <p class='ocr_par' dir='ltr' id='par_1_2' title="bbox 328 102 1982 179">
     <span class='ocr_line' id='line_1_2' title="bbox 328 106 1828 179; baseline -0.005 -1"><span class='ocrx_word' id='word_1_2' title='bbox 328 134 568 178; x_wconf 81' lang='lat' dir='ltr'>XXXVIII</span> <span class='ocrx_word' id='word_1_3' title='bbox 625 133 971 175; x_wconf 78' lang='lat' dir='ltr'>PRAEFATIO</span> <span class='ocrx_word' id='word_1_4' title='bbox 1003 134 1069 176; x_wconf 81' lang='lat' dir='ltr'><strong>IN</strong></span> <span class='ocrx_word' id='word_1_5' title='bbox 1097 132 1464 177; x_wconf 78' lang='lat' dir='ltr'>MARTIANVM</span> <span class='ocrx_word' id='word_1_6' title='bbox 1495 106 1828 179; x_wconf 56' lang='lat' dir='ltr'><strong>expansu</strong></span> 
     </span>
    </p>
   </div>
   <div class='ocr_carea' id='block_1_3' title="bbox 323 260 1940 2940">
    <p class='ocr_par' dir='ltr' id='par_1_3' title="bbox 328 260 1940 570">
     <span class='ocr_line' id='line_1_3' title="bbox 328 260 1940 314; baseline 0.001 -2"><span class='ocrx_word' id='word_1_7' title='bbox 328 263 562 312; x_wconf 89' lang='lat' dir='ltr'><strong>Romanis</strong></span> <span class='ocrx_word' id='word_1_8' title='bbox 587 262 691 310; x_wconf 91' lang='lat' dir='ltr'><strong>istis</strong></span> <span class='ocrx_word' id='word_1_9' title='bbox 718 260 985 310; x_wconf 83' lang='lat' dir='ltr'><strong>Penatibus</strong></span> <span class='ocrx_word' id='word_1_10' title='bbox 1014 260 1307 311; x_wconf 81' lang='lat' dir='ltr'><strong>cohaerent:</strong></span> <span class='ocrx_word' id='word_1_11' title='bbox 1347 263 1557 311; x_wconf 89' lang='lat' dir='ltr'><strong>fortasse</strong></span> <span class='ocrx_word' id='word_1_12' title='bbox 1585 262 1731 311; x_wconf 89' lang='lat' dir='ltr'><strong>etiam</strong></span> <span class='ocrx_word' id='word_1_13' title='bbox 1758 277 1819 312; x_wconf 83' lang='lat' dir='ltr'><strong>ex</strong></span> <span class='ocrx_word' id='word_1_14' title='bbox 1844 261 1940 314; x_wconf 88' lang='lat' dir='ltr'><strong>alio</strong></span> 
     </span>
     <span class='ocr_line' id='line_1_4' title="bbox 328 343 1939 410; baseline 0.001 -14"><span class='ocrx_word' id='word_1_15' title='bbox 328 347 508 410; x_wconf 83' lang='lat' dir='ltr'>Nigidii</span> <span class='ocrx_word' id='word_1_16' title='bbox 532 345 659 395; x_wconf 90' lang='lat' dir='ltr'><strong>libro</strong></span> <span class='ocrx_word' id='word_1_17' title='bbox 687 343 1084 395; x_wconf 89' lang='lat' dir='ltr'><strong>desumebantur.</strong></span> <span class='ocrx_word' id='word_1_18' title='bbox 1134 375 1192 381; x_wconf 96' lang='lat'>—</span> <span class='ocrx_word' id='word_1_19' title='bbox 1234 352 1280 395; x_wconf 89' lang='lat' dir='ltr'><strong>at</strong></span> <span class='ocrx_word' id='word_1_20' title='bbox 1306 346 1465 395; x_wconf 90' lang='lat' dir='ltr'><strong>honus</strong></span> <span class='ocrx_word' id='word_1_21' title='bbox 1490 345 1758 396; x_wconf 84' lang='lat' dir='ltr'>Martianus</span> <span class='ocrx_word' id='word_1_22' title='bbox 1781 347 1939 398; x_wconf 85' lang='lat' dir='ltr'><strong>Pena-</strong></span> 
     </span>
     <span class='ocr_line' id='line_1_5' title="bbox 329 430 1938 494; baseline 0.001 -14"><span class='ocrx_word' id='word_1_23' title='bbox 329 430 402 480; x_wconf 79' lang='lat' dir='ltr'><strong>tes</strong></span> <span class='ocrx_word' id='word_1_24' title='bbox 439 446 463 479; x_wconf 91' lang='lat' dir='ltr'><strong>a</strong></span> <span class='ocrx_word' id='word_1_25' title='bbox 492 430 683 494; x_wconf 82' lang='lat' dir='ltr'>Nigidio</span> <span class='ocrx_word' id='word_1_26' title='bbox 710 435 961 479; x_wconf 89' lang='lat' dir='ltr'><strong>mutuatus</strong></span> <span class='ocrx_word' id='word_1_27' title='bbox 999 445 1111 479; x_wconf 92' lang='lat' dir='ltr'><strong>cum</strong></span> <span class='ocrx_word' id='word_1_28' title='bbox 1138 430 1213 479; x_wconf 90' lang='lat' dir='ltr'><strong>his</strong></span> <span class='ocrx_word' id='word_1_29' title='bbox 1240 431 1471 480; x_wconf 84' lang='lat' dir='ltr'>Varronis</span> <span class='ocrx_word' id='word_1_30' title='bbox 1499 430 1768 482; x_wconf 76' lang='lat' dir='ltr'><strong>Consentes</strong></span> <span class='ocrx_word' id='word_1_31' title='bbox 1805 446 1938 482; x_wconf 91' lang='lat' dir='ltr'><strong>com-</strong></span> 
     </span>
     <span class='ocr_line' id='line_1_6' title="bbox 329 516 539 570; baseline 0.005 -7"><span class='ocrx_word' id='word_1_32' title='bbox 329 516 539 570; x_wconf 77' lang='lat' dir='ltr'>miscuit.</span> 
     </span>
    </p>

    <p class='ocr_par' dir='ltr' id='par_1_4' title="bbox 325 598 1938 918">
     <span class='ocr_line' id='line_1_7' title="bbox 469 598 1935 664; baseline 0.003 -17"><span class='ocrx_word' id='word_1_33' title='bbox 469 599 564 657; x_wconf 86' lang='lat' dir='ltr'><strong>Qui</strong></span> <span class='ocrx_word' id='word_1_34' title='bbox 583 598 760 649; x_wconf 89' lang='lat' dir='ltr'><strong>deinde</strong></span> <span class='ocrx_word' id='word_1_35' title='bbox 786 599 914 663; x_wconf 88' lang='lat' dir='ltr'><strong>apud</strong></span> <span class='ocrx_word' id='word_1_36' title='bbox 931 600 1227 650; x_wconf 89' lang='lat' dir='ltr'><strong>Martianum</strong></span> <span class='ocrx_word' id='word_1_37' title='bbox 1250 600 1470 664; x_wconf 89' lang='lat' dir='ltr'><strong>sequitur</strong></span> <span class='ocrx_word' id='word_1_38' title='bbox 1493 601 1935 652; x_wconf 80' lang='lat' dir='ltr'><strong>Vulcanuslouia-</strong></span> 
     </span>
     <span class='ocr_line' id='line_1_8' title="bbox 325 680 1938 749; baseline 0.002 -17"><span class='ocrx_word' id='word_1_39' title='bbox 325 686 387 733; x_wconf 75' lang='lat' dir='ltr'><strong>lis</strong></span> <span class='ocrx_word' id='word_1_40' title='bbox 413 682 573 747; x_wconf 84' lang='lat' dir='ltr'>(p.17‚</span> <span class='ocrx_word' id='word_1_41' title='bbox 594 680 644 746; x_wconf 82' lang='lat'><strong>5)</strong></span> <span class='ocrx_word' id='word_1_42' title='bbox 673 700 786 734; x_wconf 90' lang='lat' dir='ltr'><strong>eum</strong></span> <span class='ocrx_word' id='word_1_43' title='bbox 813 700 908 749; x_wconf 91' lang='lat' dir='ltr'><strong>quo</strong></span> <span class='ocrx_word' id='word_1_44' title='bbox 946 684 1093 733; x_wconf 90' lang='lat' dir='ltr'><strong>modo</strong></span> <span class='ocrx_word' id='word_1_45' title='bbox 1122 683 1359 748; x_wconf 83' lang='lat' dir='ltr'>explicem</span> <span class='ocrx_word' id='word_1_46' title='bbox 1387 684 1578 738; x_wconf 84' lang='lat' dir='ltr'><strong>nescio:</strong></span> <span class='ocrx_word' id='word_1_47' title='bbox 1629 686 1938 737; x_wconf 65' lang='lat' dir='ltr'><strong>Vela-hemum</strong></span> 
     </span>
     <span class='ocr_line' id='line_1_9' title="bbox 327 768 1938 820; baseline 0.002 -4"><span class='ocrx_word' id='word_1_48' title='bbox 327 769 375 816; x_wconf 92' lang='lat' dir='ltr'><strong>in</strong></span> <span class='ocrx_word' id='word_1_49' title='bbox 413 769 626 817; x_wconf 91' lang='lat' dir='ltr'><strong>nummis</strong></span> <span class='ocrx_word' id='word_1_50' title='bbox 663 769 916 818; x_wconf 80' lang='lat' dir='ltr'><strong>Paestanis</strong></span> <span class='ocrx_word' id='word_1_51' title='bbox 943 775 1286 818; x_wconf 85' lang='lat' dir='ltr'><strong>occurrentem</strong></span> <span class='ocrx_word' id='word_1_52' title='bbox 1321 768 1538 818; x_wconf 89' lang='lat' dir='ltr'><strong>laudauit</strong></span> <span class='ocrx_word' id='word_1_53' title='bbox 1557 768 1844 820; x_wconf 88' lang='lat' dir='ltr'><strong>Gerhardus</strong></span> <span class='ocrx_word' id='word_1_54' title='bbox 1875 769 1938 820; x_wconf 90' lang='lat' dir='ltr'><strong>de</strong></span> 
     </span>
     <span class='ocr_line' id='line_1_10' title="bbox 327 850 1401 918; baseline 0.001 -18"><span class='ocrx_word' id='word_1_55' title='bbox 327 852 430 901; x_wconf 88' lang='lat' dir='ltr'><strong>deis</strong></span> <span class='ocrx_word' id='word_1_56' title='bbox 455 852 779 902; x_wconf 90' lang='lat' dir='ltr'><strong>Etruscorum</strong></span> <span class='ocrx_word' id='word_1_57' title='bbox 807 869 853 918; x_wconf 89' lang='lat' dir='ltr'><strong>p.</strong></span> <span class='ocrx_word' id='word_1_58' title='bbox 882 851 914 903; x_wconf 88' lang='lat'>6</span> <span class='ocrx_word' id='word_1_59' title='bbox 943 860 989 903; x_wconf 92' lang='lat' dir='ltr'><strong>et</strong></span> <span class='ocrx_word' id='word_1_60' title='bbox 1015 870 1061 918; x_wconf 90' lang='lat' dir='ltr'><strong>p.</strong></span> <span class='ocrx_word' id='word_1_61' title='bbox 1090 851 1174 909; x_wconf 85' lang='grc'><strong>29,</strong></span> <span class='ocrx_word' id='word_1_62' title='bbox 1204 869 1250 902; x_wconf 92' lang='lat' dir='ltr'><strong>n.</strong></span> <span class='ocrx_word' id='word_1_63' title='bbox 1280 850 1401 903; x_wconf 75' lang='lat'><strong>542.</strong></span> 
     </span>
    </p>

    <p class='ocr_par' dir='ltr' id='par_1_5' title="bbox 323 932 1938 1576">
     <span class='ocr_line' id='line_1_11' title="bbox 468 932 1937 1003; baseline 0.001 -17"><span class='ocrx_word' id='word_1_64' title='bbox 468 937 713 987; x_wconf 83' lang='lat' dir='ltr'><strong>Secuntur</strong></span> <span class='ocrx_word' id='word_1_65' title='bbox 754 938 816 1002; x_wconf 90' lang='lat' dir='ltr'><strong>(p.</strong></span> <span class='ocrx_word' id='word_1_66' title='bbox 850 936 930 994; x_wconf 84' lang='lat'><strong>17,</strong></span> <span class='ocrx_word' id='word_1_67' title='bbox 961 932 1007 1003; x_wconf 84' lang='lat'><strong>7)</strong></span> <span class='ocrx_word' id='word_1_68' title='bbox 1046 938 1168 988; x_wconf 89' lang='lat' dir='ltr'><strong>haec</strong></span> <span class='ocrx_word' id='word_1_69' title='bbox 1204 939 1351 987; x_wconf 68' lang='lat' dir='ltr'><strong>‘tunc</strong></span> <span class='ocrx_word' id='word_1_70' title='bbox 1389 938 1533 987; x_wconf 86' lang='lat' dir='ltr'><strong>etiam</strong></span> <span class='ocrx_word' id='word_1_71' title='bbox 1568 942 1622 986; x_wconf 90' lang='lat' dir='ltr'><strong>ut</strong></span> <span class='ocrx_word' id='word_1_72' title='bbox 1656 937 1786 989; x_wconf 90' lang='lat' dir='ltr'><strong>inter</strong></span> <span class='ocrx_word' id='word_1_73' title='bbox 1815 936 1937 988; x_wconf 87' lang='lat' dir='ltr'><strong>alios</strong></span> 
     </span>
     <span class='ocr_line' id='line_1_12' title="bbox 324 1021 1938 1086; baseline 0.001 -16"><span class='ocrx_word' id='word_1_74' title='bbox 324 1021 562 1086; x_wconf 88' lang='lat' dir='ltr'><strong>potissimi</strong></span> <span class='ocrx_word' id='word_1_75' title='bbox 613 1027 910 1084; x_wconf 84' lang='lat' dir='ltr'><strong>rogarentur</strong></span> <span class='ocrx_word' id='word_1_76' title='bbox 954 1024 1109 1086; x_wconf 89' lang='lat' dir='ltr'><strong>ipsius</strong></span> <span class='ocrx_word' id='word_1_77' title='bbox 1155 1021 1371 1085; x_wconf 85' lang='lat' dir='ltr'><strong>collegae</strong></span> <span class='ocrx_word' id='word_1_78' title='bbox 1414 1021 1573 1079; x_wconf 92' lang='lat' dir='ltr'><strong>Iouis,</strong></span> <span class='ocrx_word' id='word_1_79' title='bbox 1626 1023 1709 1085; x_wconf 90' lang='lat' dir='ltr'><strong>qui</strong></span> <span class='ocrx_word' id='word_1_80' title='bbox 1752 1022 1938 1074; x_wconf 89' lang='lat' dir='ltr'><strong>bisseni</strong></span> 
     </span>
     <span class='ocr_line' id='line_1_13' title="bbox 325 1105 1936 1171; baseline 0.001 -16"><span class='ocrx_word' id='word_1_81' title='bbox 325 1121 437 1155; x_wconf 92' lang='lat' dir='ltr'><strong>cum</strong></span> <span class='ocrx_word' id='word_1_82' title='bbox 475 1105 648 1155; x_wconf 90' lang='lat' dir='ltr'><strong>eodem</strong></span> <span class='ocrx_word' id='word_1_83' title='bbox 683 1112 1009 1156; x_wconf 87' lang='lat' dir='ltr'><strong>numerantur</strong></span> <span class='ocrx_word' id='word_1_84' title='bbox 1054 1122 1277 1171; x_wconf 89' lang='lat' dir='ltr'><strong>quosque</strong></span> <span class='ocrx_word' id='word_1_85' title='bbox 1314 1106 1554 1156; x_wconf 85' lang='lat' dir='ltr'><strong>distichon</strong></span> <span class='ocrx_word' id='word_1_86' title='bbox 1591 1105 1936 1171; x_wconf 88' lang='lat' dir='ltr'><strong>complectitur</strong></span> 
     </span>
     <span class='ocr_line' id='line_1_14' title="bbox 324 1190 1933 1248; baseline 0.002 -10"><span class='ocrx_word' id='word_1_87' title='bbox 324 1191 626 1239; x_wconf 86' lang='lat' dir='ltr'><strong>Ennianum&#39;</strong></span> <span class='ocrx_word' id='word_1_88' title='bbox 680 1196 762 1239; x_wconf 89' lang='lat' dir='ltr'><strong>ctt.</strong></span> <span class='ocrx_word' id='word_1_89' title='bbox 803 1190 889 1239; x_wconf 91' lang='lat' dir='ltr'><strong>ubi</strong></span> <span class='ocrx_word' id='word_1_90' title='bbox 927 1190 1073 1239; x_wconf 93' lang='lat' dir='ltr'><strong>alium</strong></span> <span class='ocrx_word' id='word_1_91' title='bbox 1111 1192 1375 1240; x_wconf 83' lang='lat' dir='ltr'><strong>Martianus</strong></span> <span class='ocrx_word' id='word_1_92' title='bbox 1410 1192 1652 1240; x_wconf 87' lang='lat' dir='ltr'><strong>commisit</strong></span> <span class='ocrx_word' id='word_1_93' title='bbox 1695 1204 1933 1248; x_wconf 90' lang='lat' dir='ltr'><strong>errorem,</strong></span> 
     </span>
     <span class='ocr_line' id='line_1_15' title="bbox 325 1273 1935 1325; baseline 0 -1"><span class='ocrx_word' id='word_1_94' title='bbox 325 1290 437 1324; x_wconf 93' lang='lat' dir='ltr'><strong>cum</strong></span> <span class='ocrx_word' id='word_1_95' title='bbox 464 1275 581 1323; x_wconf 90' lang='lat' dir='ltr'><strong>deos</strong></span> <span class='ocrx_word' id='word_1_96' title='bbox 616 1273 725 1323; x_wconf 92' lang='lat' dir='ltr'><strong>illos</strong></span> <span class='ocrx_word' id='word_1_97' title='bbox 752 1274 1015 1325; x_wconf 89' lang='lat' dir='ltr'><strong>duodecim</strong></span> <span class='ocrx_word' id='word_1_98' title='bbox 1042 1274 1102 1323; x_wconf 89' lang='lat' dir='ltr'><strong>ab</strong></span> <span class='ocrx_word' id='word_1_99' title='bbox 1129 1275 1287 1323; x_wconf 90' lang='lat' dir='ltr'><strong>Ennio</strong></span> <span class='ocrx_word' id='word_1_100' title='bbox 1315 1280 1629 1324; x_wconf 86' lang='lat' dir='ltr'><strong>enumeratos</strong></span> <span class='ocrx_word' id='word_1_101' title='bbox 1663 1290 1690 1324; x_wconf 93' lang='lat' dir='ltr'><strong>a</strong></span> <span class='ocrx_word' id='word_1_102' title='bbox 1718 1275 1935 1325; x_wconf 89' lang='lat' dir='ltr'><strong>Consen-</strong></span> 
     </span>
     <span class='ocr_line' id='line_1_16' title="bbox 323 1356 1934 1422; baseline 0.002 -16"><span class='ocrx_word' id='word_1_103' title='bbox 323 1358 454 1408; x_wconf 88' lang='lat' dir='ltr'><strong>tibus</strong></span> <span class='ocrx_word' id='word_1_104' title='bbox 481 1358 541 1407; x_wconf 92' lang='lat' dir='ltr'><strong>de</strong></span> <span class='ocrx_word' id='word_1_105' title='bbox 569 1358 747 1422; x_wconf 89' lang='lat' dir='ltr'><strong>quibus</strong></span> <span class='ocrx_word' id='word_1_106' title='bbox 772 1374 818 1422; x_wconf 91' lang='lat' dir='ltr'><strong>p.</strong></span> <span class='ocrx_word' id='word_1_107' title='bbox 838 1358 918 1415; x_wconf 80' lang='lat'><strong>17,</strong></span> <span class='ocrx_word' id='word_1_108' title='bbox 940 1356 973 1407; x_wconf 98' lang='grc'><strong><em>2</em></strong></span> <span class='ocrx_word' id='word_1_109' title='bbox 1001 1374 1072 1422; x_wconf 88' lang='lat' dir='ltr'><strong>sq.</strong></span> <span class='ocrx_word' id='word_1_110' title='bbox 1101 1359 1304 1414; x_wconf 84' lang='lat' dir='ltr'><strong>dixerat,</strong></span> <span class='ocrx_word' id='word_1_111' title='bbox 1334 1358 1681 1422; x_wconf 84' lang='lat' dir='ltr'><strong>distingueret:</strong></span> <span class='ocrx_word' id='word_1_112' title='bbox 1710 1359 1934 1410; x_wconf 85' lang='lat' dir='ltr'><strong>confusio</strong></span> 
     </span>
     <span class='ocr_line' id='line_1_17' title="bbox 323 1442 1935 1507; baseline 0.002 -17"><span class='ocrx_word' id='word_1_113' title='bbox 323 1443 437 1492; x_wconf 92' lang='lat' dir='ltr'><strong>inde</strong></span> <span class='ocrx_word' id='word_1_114' title='bbox 474 1448 581 1492; x_wconf 89' lang='lat' dir='ltr'><strong>orta</strong></span> <span class='ocrx_word' id='word_1_115' title='bbox 618 1448 691 1492; x_wconf 91' lang='lat' dir='ltr'><strong>est</strong></span> <span class='ocrx_word' id='word_1_116' title='bbox 726 1442 856 1507; x_wconf 91' lang='lat' dir='ltr'><strong>quod</strong></span> <span class='ocrx_word' id='word_1_117' title='bbox 891 1448 1032 1492; x_wconf 87' lang='lat' dir='ltr'><strong>antea</strong></span> <span class='ocrx_word' id='word_1_118' title='bbox 1060 1444 1330 1492; x_wconf 90' lang='lat' dir='ltr'><strong>Consentes</strong></span> <span class='ocrx_word' id='word_1_119' title='bbox 1366 1458 1478 1492; x_wconf 90' lang='lat' dir='ltr'><strong>cum</strong></span> <span class='ocrx_word' id='word_1_120' title='bbox 1504 1443 1769 1493; x_wconf 86' lang='lat' dir='ltr'><strong>Penatibus</strong></span> <span class='ocrx_word' id='word_1_121' title='bbox 1802 1444 1935 1495; x_wconf 91' lang='lat' dir='ltr'><strong>Iouis</strong></span> 
     </span>
     <span class='ocr_line' id='line_1_18' title="bbox 327 1527 718 1576; baseline -0.003 0"><span class='ocrx_word' id='word_1_122' title='bbox 327 1527 718 1576; x_wconf 84' lang='lat' dir='ltr'><strong>commiscuerat.</strong></span> 
     </span>
    </p>

    <p class='ocr_par' dir='ltr' id='par_1_6' title="bbox 323 1609 1936 2940">
     <span class='ocr_line' id='line_1_19' title="bbox 466 1609 1934 1677; baseline 0.001 -17"><span class='ocrx_word' id='word_1_123' title='bbox 466 1611 651 1660; x_wconf 88' lang='lat' dir='ltr'><strong>Deinde</strong></span> <span class='ocrx_word' id='word_1_124' title='bbox 680 1626 803 1674; x_wconf 90' lang='lat' dir='ltr'><strong>quos</strong></span> <span class='ocrx_word' id='word_1_125' title='bbox 830 1626 875 1674; x_wconf 88' lang='lat' dir='ltr'><strong>p.</strong></span> <span class='ocrx_word' id='word_1_126' title='bbox 909 1609 988 1669; x_wconf 81' lang='lat'><strong>17,</strong></span> <span class='ocrx_word' id='word_1_127' title='bbox 1021 1609 1085 1661; x_wconf 84' lang='lat'><strong>13</strong></span> <span class='ocrx_word' id='word_1_128' title='bbox 1119 1613 1347 1661; x_wconf 74' lang='lat' dir='ltr'><strong>residuos</strong></span> <span class='ocrx_word' id='word_1_129' title='bbox 1374 1611 1491 1661; x_wconf 91' lang='lat' dir='ltr'><strong>deos</strong></span> <span class='ocrx_word' id='word_1_130' title='bbox 1519 1612 1663 1670; x_wconf 83' lang='lat' dir='ltr'><strong>dixit,</strong></span> <span class='ocrx_word' id='word_1_131' title='bbox 1703 1613 1774 1662; x_wconf 93' lang='lat' dir='ltr'><strong>eis</strong></span> <span class='ocrx_word' id='word_1_132' title='bbox 1799 1612 1934 1677; x_wconf 87' lang='lat' dir='ltr'><strong>Kop-</strong></span> 
     </span>
     <span class='ocr_line' id='line_1_20' title="bbox 324 1694 1933 1760; baseline 0.002 -17"><span class='ocrx_word' id='word_1_133' title='bbox 324 1697 434 1759; x_wconf 90' lang='lat' dir='ltr'><strong>pius</strong></span> <span class='ocrx_word' id='word_1_134' title='bbox 459 1700 595 1744; x_wconf 90' lang='lat' dir='ltr'><strong>recte</strong></span> <span class='ocrx_word' id='word_1_135' title='bbox 622 1695 817 1744; x_wconf 88' lang='lat' dir='ltr'><strong>uidetur</strong></span> <span class='ocrx_word' id='word_1_136' title='bbox 842 1695 1064 1758; x_wconf 89' lang='lat' dir='ltr'><strong>planetas</strong></span> <span class='ocrx_word' id='word_1_137' title='bbox 1090 1696 1353 1759; x_wconf 86' lang='lat' dir='ltr'><strong>significari</strong></span> <span class='ocrx_word' id='word_1_138' title='bbox 1388 1703 1579 1760; x_wconf 89' lang='lat' dir='ltr'><strong>putare.</strong></span> <span class='ocrx_word' id='word_1_139' title='bbox 1642 1702 1745 1746; x_wconf 93' lang='lat' dir='ltr'><strong>tum</strong></span> <span class='ocrx_word' id='word_1_140' title='bbox 1771 1711 1819 1760; x_wconf 89' lang='lat' dir='ltr'><strong>p.</strong></span> <span class='ocrx_word' id='word_1_141' title='bbox 1851 1694 1933 1755; x_wconf 84' lang='lat'><strong>17,</strong></span> 
     </span>
     <span class='ocr_line' id='line_1_21' title="bbox 323 1776 1936 1845; baseline 0.001 -17"><span class='ocrx_word' id='word_1_142' title='bbox 323 1776 392 1828; x_wconf 92' lang='grc'><strong>22</strong></span> <span class='ocrx_word' id='word_1_143' title='bbox 427 1781 477 1828; x_wconf 92' lang='lat' dir='ltr'><strong>in</strong></span> <span class='ocrx_word' id='word_1_144' title='bbox 505 1779 852 1828; x_wconf 88' lang='lat' dir='ltr'><strong>enumerandis</strong></span> <span class='ocrx_word' id='word_1_145' title='bbox 886 1781 1076 1842; x_wconf 86' lang='lat' dir='ltr'><strong>primae</strong></span> <span class='ocrx_word' id='word_1_146' title='bbox 1102 1780 1316 1843; x_wconf 90' lang='lat' dir='ltr'><strong>regionis</strong></span> <span class='ocrx_word' id='word_1_147' title='bbox 1352 1780 1455 1830; x_wconf 86' lang='lat' dir='ltr'><strong>deis</strong></span> <span class='ocrx_word' id='word_1_148' title='bbox 1492 1795 1614 1845; x_wconf 89' lang='lat' dir='ltr'><strong>quos</strong></span> <span class='ocrx_word' id='word_1_149' title='bbox 1649 1788 1792 1831; x_wconf 86' lang='lat' dir='ltr'><strong>antea</strong></span> <span class='ocrx_word' id='word_1_150' title='bbox 1818 1794 1936 1830; x_wconf 51' lang='lat' dir='ltr'><strong>con*-</strong></span> 
     </span>
     <span class='ocr_line' id='line_1_22' title="bbox 323 1863 1935 1916; baseline 0.001 -4"><span class='ocrx_word' id='word_1_151' title='bbox 323 1863 520 1914; x_wconf 85' lang='lat' dir='ltr'><strong>fuderat</strong></span> <span class='ocrx_word' id='word_1_152' title='bbox 543 1866 760 1913; x_wconf 76' lang='lat' dir='ltr'><strong>Penates</strong></span> <span class='ocrx_word' id='word_1_153' title='bbox 786 1871 834 1912; x_wconf 88' lang='lat' dir='ltr'><strong>et</strong></span> <span class='ocrx_word' id='word_1_154' title='bbox 860 1865 1123 1913; x_wconf 78' lang='lat' dir='ltr'><strong>Consentes</strong></span> <span class='ocrx_word' id='word_1_155' title='bbox 1154 1871 1290 1913; x_wconf 82' lang='lat' dir='ltr'><strong>recte</strong></span> <span class='ocrx_word' id='word_1_156' title='bbox 1317 1864 1548 1914; x_wconf 86' lang='lat' dir='ltr'><strong>distinxit.</strong></span> <span class='ocrx_word' id='word_1_157' title='bbox 1595 1865 1818 1916; x_wconf 83' lang='lat' dir='ltr'><strong>Salutem</strong></span> <span class='ocrx_word' id='word_1_158' title='bbox 1844 1879 1935 1914; x_wconf 91' lang='lat' dir='ltr'><strong>nos</strong></span> 
     </span>
     <span class='ocr_line' id='line_1_23' title="bbox 325 1947 1932 2015; baseline 0.001 -18"><span class='ocrx_word' id='word_1_159' title='bbox 325 1964 384 1997; x_wconf 87' lang='lat' dir='ltr'><strong>ex</strong></span> <span class='ocrx_word' id='word_1_160' title='bbox 429 1947 725 1997; x_wconf 86' lang='lat' dir='ltr'><strong>Sabinorum</strong></span> <span class='ocrx_word' id='word_1_161' title='bbox 776 1953 964 1996; x_wconf 88' lang='lat' dir='ltr'><strong>tantum</strong></span> <span class='ocrx_word' id='word_1_162' title='bbox 1013 1947 1332 2011; x_wconf 88' lang='lat' dir='ltr'><strong>religionibus</strong></span> <span class='ocrx_word' id='word_1_163' title='bbox 1386 1947 1461 2014; x_wconf 89' lang='lat' dir='ltr'><strong>(cf.</strong></span> <span class='ocrx_word' id='word_1_164' title='bbox 1497 1948 1747 1999; x_wconf 88' lang='lat' dir='ltr'><strong>Prellerus</strong></span> <span class='ocrx_word' id='word_1_165' title='bbox 1781 1948 1932 2015; x_wconf 85' lang='lat' dir='ltr'><strong>myth.</strong></span> 
     </span>
     <span class='ocr_line' id='line_1_24' title="bbox 323 2029 1934 2097; baseline 0.001 -15"><span class='ocrx_word' id='word_1_166' title='bbox 323 2032 466 2082; x_wconf 90' lang='lat' dir='ltr'><strong>Rom.</strong></span> <span class='ocrx_word' id='word_1_167' title='bbox 493 2046 541 2095; x_wconf 90' lang='lat' dir='ltr'><strong>p.</strong></span> <span class='ocrx_word' id='word_1_168' title='bbox 569 2029 689 2097; x_wconf 79' lang='lat'>601)</span> <span class='ocrx_word' id='word_1_169' title='bbox 726 2032 972 2080; x_wconf 92' lang='lat' dir='ltr'><strong>nouimus.</strong></span> <span class='ocrx_word' id='word_1_170' title='bbox 1024 2037 1258 2081; x_wconf 90' lang='lat' dir='ltr'><strong>secuntur</strong></span> <span class='ocrx_word' id='word_1_171' title='bbox 1285 2033 1458 2089; x_wconf 88' lang='lat' dir='ltr'><strong>Lares,</strong></span> <span class='ocrx_word' id='word_1_172' title='bbox 1486 2039 1605 2097; x_wconf 88' lang='lat' dir='ltr'><strong>puto</strong></span> <span class='ocrx_word' id='word_1_173' title='bbox 1630 2036 1934 2097; x_wconf 76' lang='lat' dir='ltr'><strong>coilopoten-</strong></span> 
     </span>
     <span class='ocr_line' id='line_1_25' title="bbox 325 2115 1934 2181; baseline 0.001 -16"><span class='ocrx_word' id='word_1_174' title='bbox 325 2122 397 2165; x_wconf 80' lang='lat' dir='ltr'><strong>tes</strong></span> <span class='ocrx_word' id='word_1_175' title='bbox 420 2115 492 2164; x_wconf 93' lang='lat' dir='ltr'><strong>illi</strong></span> <span class='ocrx_word' id='word_1_176' title='bbox 518 2116 599 2179; x_wconf 90' lang='lat' dir='ltr'><strong>qui</strong></span> <span class='ocrx_word' id='word_1_177' title='bbox 625 2116 675 2163; x_wconf 94' lang='lat' dir='ltr'><strong>in</strong></span> <span class='ocrx_word' id='word_1_178' title='bbox 701 2116 1020 2179; x_wconf 86' lang='lat' dir='ltr'><strong>inscriptione</strong></span> <span class='ocrx_word' id='word_1_179' title='bbox 1047 2115 1174 2179; x_wconf 88' lang='lat' dir='ltr'><strong>apud</strong></span> <span class='ocrx_word' id='word_1_180' title='bbox 1204 2115 1407 2166; x_wconf 90' lang='lat' dir='ltr'><strong>Tertull.</strong></span> <span class='ocrx_word' id='word_1_181' title='bbox 1436 2117 1497 2166; x_wconf 95' lang='lat' dir='ltr'><strong>de</strong></span> <span class='ocrx_word' id='word_1_182' title='bbox 1524 2118 1685 2181; x_wconf 88' lang='lat' dir='ltr'><strong>Spect.</strong></span> <span class='ocrx_word' id='word_1_183' title='bbox 1713 2115 1763 2167; x_wconf 85' lang='lat'><strong>5.</strong></span> <span class='ocrx_word' id='word_1_184' title='bbox 1801 2131 1934 2166; x_wconf 88' lang='lat' dir='ltr'><strong>com-</strong></span> 
     </span>
     <span class='ocr_line' id='line_1_26' title="bbox 324 2199 1936 2263; baseline -0.001 -14"><span class='ocrx_word' id='word_1_185' title='bbox 324 2205 688 2249; x_wconf 84' lang='lat' dir='ltr'><strong>memorantur:</strong></span> <span class='ocrx_word' id='word_1_186' title='bbox 730 2214 844 2248; x_wconf 90' lang='lat' dir='ltr'><strong>nam</strong></span> <span class='ocrx_word' id='word_1_187' title='bbox 881 2200 951 2247; x_wconf 91' lang='lat' dir='ltr'><strong>sic</strong></span> <span class='ocrx_word' id='word_1_188' title='bbox 986 2200 1414 2263; x_wconf 87' lang='lat' dir='ltr'><strong>interpretandum</strong></span> <span class='ocrx_word' id='word_1_189' title='bbox 1442 2215 1550 2250; x_wconf 87' lang='lat' dir='ltr'><strong>esse</strong></span> <span class='ocrx_word' id='word_1_190' title='bbox 1584 2202 1640 2250; x_wconf 92' lang='lat' dir='ltr'><strong>O.</strong></span> <span class='ocrx_word' id='word_1_191' title='bbox 1668 2199 1936 2250; x_wconf 90' lang='lat' dir='ltr'><strong>Muellerus</strong></span> 
     </span>
     <span class='ocr_line' id='line_1_27' title="bbox 328 2280 1935 2350; baseline 0 -18"><span class='ocrx_word' id='word_1_192' title='bbox 328 2284 456 2350; x_wconf 83' lang='lat' dir='ltr'><strong>(Etr.</strong></span> <span class='ocrx_word' id='word_1_193' title='bbox 494 2284 536 2332; x_wconf 89' lang='lat' dir='ltr'><strong>Il</strong></span> <span class='ocrx_word' id='word_1_194' title='bbox 572 2280 663 2339; x_wconf 84' lang='lat'><strong>91,</strong></span> <span class='ocrx_word' id='word_1_195' title='bbox 702 2281 795 2347; x_wconf 81' lang='lat'><strong>31)</strong></span> <span class='ocrx_word' id='word_1_196' title='bbox 840 2283 1112 2332; x_wconf 89' lang='lat' dir='ltr'><strong>rectissime</strong></span> <span class='ocrx_word' id='word_1_197' title='bbox 1149 2285 1316 2332; x_wconf 89' lang='lat' dir='ltr'><strong>statuit</strong></span> <span class='ocrx_word' id='word_1_198' title='bbox 1352 2299 1648 2349; x_wconf 87' lang='lat' dir='ltr'><strong>quamquam</strong></span> <span class='ocrx_word' id='word_1_199' title='bbox 1683 2283 1935 2334; x_wconf 89' lang='lat' dir='ltr'><strong>Prellerus</strong></span> 
     </span>
     <span class='ocr_line' id='line_1_28' title="bbox 327 2364 1933 2433; baseline 0 -16"><span class='ocrx_word' id='word_1_200' title='bbox 327 2368 491 2433; x_wconf 81' lang='lat' dir='ltr'><strong>(Myth.</strong></span> <span class='ocrx_word' id='word_1_201' title='bbox 521 2367 660 2416; x_wconf 89' lang='lat' dir='ltr'><strong>Rom.</strong></span> <span class='ocrx_word' id='word_1_202' title='bbox 688 2382 736 2431; x_wconf 91' lang='lat' dir='ltr'><strong>p.</strong></span> <span class='ocrx_word' id='word_1_203' title='bbox 764 2364 902 2416; x_wconf 77' lang='lat'><strong>421⁶</strong></span> <span class='ocrx_word' id='word_1_204' title='bbox 929 2366 1018 2432; x_wconf 91' lang='lat' dir='ltr'><strong>sq.)</strong></span> <span class='ocrx_word' id='word_1_205' title='bbox 1056 2370 1272 2430; x_wconf 76' lang='lat' dir='ltr'><strong>compito</strong></span> <span class='ocrx_word' id='word_1_206' title='bbox 1305 2367 1568 2432; x_wconf 88' lang='lat' dir='ltr'><strong>legendum</strong></span> <span class='ocrx_word' id='word_1_207' title='bbox 1607 2384 1715 2419; x_wconf 90' lang='lat' dir='ltr'><strong>esse</strong></span> <span class='ocrx_word' id='word_1_208' title='bbox 1749 2375 1933 2423; x_wconf 76' lang='lat' dir='ltr'><strong>censet,</strong></span> 
     </span>
     <span class='ocr_line' id='line_1_29' title="bbox 326 2450 1934 2519; baseline -0.001 -17"><span class='ocrx_word' id='word_1_209' title='bbox 326 2454 549 2516; x_wconf 88' lang='lat' dir='ltr'><strong>sequitur</strong></span> <span class='ocrx_word' id='word_1_210' title='bbox 589 2453 771 2513; x_wconf 83' lang='lat' dir='ltr'><strong>Ianus,</strong></span> <span class='ocrx_word' id='word_1_211' title='bbox 814 2452 898 2515; x_wconf 91' lang='lat' dir='ltr'><strong>qui</strong></span> <span class='ocrx_word' id='word_1_212' title='bbox 934 2450 989 2500; x_wconf 91' lang='grc' dir='ltr'><strong>Ο.</strong></span> <span class='ocrx_word' id='word_1_213' title='bbox 1016 2450 1251 2501; x_wconf 90' lang='lat' dir='ltr'><strong>Muellero</strong></span> <span class='ocrx_word' id='word_1_214' title='bbox 1292 2452 1350 2514; x_wconf 95' lang='lat' dir='ltr'><strong>(II</strong></span> <span class='ocrx_word' id='word_1_215' title='bbox 1382 2450 1451 2503; x_wconf 81' lang='lat'><strong>58</strong></span> <span class='ocrx_word' id='word_1_216' title='bbox 1479 2453 1570 2519; x_wconf 89' lang='lat' dir='ltr'><strong>sq.)</strong></span> <span class='ocrx_word' id='word_1_217' title='bbox 1609 2453 1934 2503; x_wconf 89' lang='lat' dir='ltr'><strong>Etruscorum</strong></span> 
     </span>
     <span class='ocr_line' id='line_1_30' title="bbox 327 2535 1933 2602; baseline 0.001 -17"><span class='ocrx_word' id='word_1_218' title='bbox 327 2538 446 2586; x_wconf 90' lang='lat' dir='ltr'><strong>deus</strong></span> <span class='ocrx_word' id='word_1_219' title='bbox 481 2550 778 2602; x_wconf 82' lang='lat' dir='ltr'><strong>quamquam</strong></span> <span class='ocrx_word' id='word_1_220' title='bbox 806 2535 978 2584; x_wconf 88' lang='lat' dir='ltr'><strong>Latino</strong></span> <span class='ocrx_word' id='word_1_221' title='bbox 1016 2537 1216 2585; x_wconf 87' lang='lat' dir='ltr'><strong>nomine</strong></span> <span class='ocrx_word' id='word_1_222' title='bbox 1254 2536 1527 2601; x_wconf 89' lang='lat' dir='ltr'><strong>appellatus</strong></span> <span class='ocrx_word' id='word_1_223' title='bbox 1563 2536 1822 2587; x_wconf 88' lang='lat' dir='ltr'><strong>uidebatur</strong></span> <span class='ocrx_word' id='word_1_224' title='bbox 1857 2550 1933 2586; x_wconf 87' lang='lat' dir='ltr'><strong>se-</strong></span> 
     </span>
     <span class='ocr_line' id='line_1_31' title="bbox 327 2618 1934 2687; baseline 0 -17"><span class='ocrx_word' id='word_1_225' title='bbox 327 2637 412 2671; x_wconf 90' lang='lat' dir='ltr'><strong>cus</strong></span> <span class='ocrx_word' id='word_1_226' title='bbox 451 2629 597 2684; x_wconf 88' lang='lat' dir='ltr'><strong>atque</strong></span> <span class='ocrx_word' id='word_1_227' title='bbox 626 2620 880 2670; x_wconf 87' lang='lat' dir='ltr'><strong>Gerhardo</strong></span> <span class='ocrx_word' id='word_1_228' title='bbox 927 2619 1003 2683; x_wconf 90' lang='lat' dir='ltr'><strong>(de</strong></span> <span class='ocrx_word' id='word_1_229' title='bbox 1041 2620 1142 2669; x_wconf 92' lang='lat' dir='ltr'><strong>deis</strong></span> <span class='ocrx_word' id='word_1_230' title='bbox 1176 2621 1493 2671; x_wconf 87' lang='lat' dir='ltr'><strong>Etruscorum</strong></span> <span class='ocrx_word' id='word_1_231' title='bbox 1530 2636 1579 2685; x_wconf 92' lang='lat' dir='ltr'><strong>p.</strong></span> <span class='ocrx_word' id='word_1_232' title='bbox 1605 2619 1690 2680; x_wconf 85' lang='grc'><strong>25,</strong></span> <span class='ocrx_word' id='word_1_233' title='bbox 1725 2618 1810 2687; x_wconf 88' lang='grc'><strong>29)</strong></span> <span class='ocrx_word' id='word_1_234' title='bbox 1849 2621 1934 2684; x_wconf 92' lang='lat' dir='ltr'><strong>qui</strong></span> 
     </span>
     <span class='ocr_line' id='line_1_32' title="bbox 327 2704 1930 2768; baseline -0.001 -14"><span class='ocrx_word' id='word_1_235' title='bbox 327 2707 368 2753; x_wconf 91' lang='lat' dir='ltr'><strong>si</strong></span> <span class='ocrx_word' id='word_1_236' title='bbox 404 2706 599 2754; x_wconf 90' lang='lat' dir='ltr'><strong>Ioannis</strong></span> <span class='ocrx_word' id='word_1_237' title='bbox 645 2704 764 2768; x_wconf 72' lang='lat' dir='ltr'><strong>Lydi</strong></span> <span class='ocrx_word' id='word_1_238' title='bbox 809 2704 1143 2753; x_wconf 85' lang='lat' dir='ltr'><strong>testimonium</strong></span> <span class='ocrx_word' id='word_1_239' title='bbox 1191 2705 1332 2768; x_wconf 88' lang='lat' dir='ltr'><strong>parui</strong></span> <span class='ocrx_word' id='word_1_240' title='bbox 1377 2705 1735 2755; x_wconf 86' lang='lat' dir='ltr'><strong>aestimandum</strong></span> <span class='ocrx_word' id='word_1_241' title='bbox 1777 2709 1930 2768; x_wconf 86' lang='lat' dir='ltr'><strong>putat,</strong></span> 
     </span>
     <span class='ocr_line' id='line_1_33' title="bbox 327 2788 1933 2853; baseline 0.001 -17"><span class='ocrx_word' id='word_1_242' title='bbox 327 2802 524 2851; x_wconf 90' lang='lat' dir='ltr'><strong>oppono</strong></span> <span class='ocrx_word' id='word_1_243' title='bbox 567 2789 799 2838; x_wconf 89' lang='lat' dir='ltr'><strong>Varronis</strong></span> <span class='ocrx_word' id='word_1_244' title='bbox 843 2788 1181 2838; x_wconf 89' lang='lat' dir='ltr'><strong>auctoritatem</strong></span> <span class='ocrx_word' id='word_1_245' title='bbox 1227 2789 1287 2839; x_wconf 91' lang='lat' dir='ltr'><strong>ad</strong></span> <span class='ocrx_word' id='word_1_246' title='bbox 1331 2804 1476 2853; x_wconf 88' lang='lat' dir='ltr'><strong>quem</strong></span> <span class='ocrx_word' id='word_1_247' title='bbox 1520 2790 1649 2840; x_wconf 86' lang='lat' dir='ltr'><strong>idem</strong></span> <span class='ocrx_word' id='word_1_248' title='bbox 1689 2793 1933 2853; x_wconf 86' lang='lat' dir='ltr'><strong>prouocat</strong></span> 
     </span>
     <span class='ocr_line' id='line_1_34' title="bbox 331 2870 1928 2940; baseline 0.003 -21"><span class='ocrx_word' id='word_1_249' title='bbox 331 2871 501 2937; x_wconf 80' lang='lat' dir='ltr'><strong>(mens,</strong></span> <span class='ocrx_word' id='word_1_250' title='bbox 539 2887 586 2935; x_wconf 88' lang='lat' dir='ltr'><strong>p.</strong></span> <span class='ocrx_word' id='word_1_251' title='bbox 623 2870 706 2938; x_wconf 82' lang='grc'><strong>56)</strong></span> <span class='ocrx_word' id='word_1_252' title='bbox 756 2872 785 2925; x_wconf 88' lang='grc' dir='ltr'>ὁ</span> <span class='ocrx_word' id='word_1_253' title='bbox 835 2874 894 2926; x_wconf 75' lang='grc' dir='ltr'><strong>δὲ</strong></span> <span class='ocrx_word' id='word_1_254' title='bbox 943 2871 1166 2937; x_wconf 86' lang='grc' dir='ltr'>Βάρρων</span> <span class='ocrx_word' id='word_1_255' title='bbox 1214 2873 1272 2926; x_wconf 80' lang='grc' dir='ltr'><strong>ἐν</strong></span> <span class='ocrx_word' id='word_1_256' title='bbox 1307 2877 1369 2940; x_wconf 85' lang='grc' dir='ltr'><strong>τῇ</strong></span> <span class='ocrx_word' id='word_1_257' title='bbox 1405 2872 1928 2939; x_wconf 77' lang='grc' dir='ltr'>τεεεαρεεκαιδεκάτῃ</span> 
     </span>
    </p>
   </div>
  </div>
 </body>
</html>
