1982 3230
761 72 948 114 LIBER
979 74 1042 117 VI
1601 74 1702 128 195

165 219 369 277 pectore
395 212 643 263 saxificam
670 212 840 262 dicunt
865 215 1072 265 horrere
1098 215 1350 267 Medusam

167 284 298 350 quod
325 283 556 349 pauidum
583 283 800 347 stupidet
826 286 1020 348 sapiens
1046 285 1260 337 sollertia
1288 286 1506 351 uulgum.

167 355 364 404 arcibus
388 353 590 403 urbanis
614 360 810 405 ueteres
838 354 923 404 tibi
949 356 1132 422 templa
1159 365 1432 416 sacrarunt,

165 425 297 490 quod
321 425 445 474 ratio
473 423 736 488 amplificet
763 425 992 491 quodque
1020 434 1093 476 est
1119 427 1292 478 elatior
1319 429 1459 479 urhe.

50 508 71 541 5
165 496 280 545 hinc
307 494 366 544 de
392 500 532 558 patre
558 495 727 544 ferunt
753 496 857 545 sine
889 497 1058 546 matris
1084 497 1286 548 foedere
1313 493 1492 556 natam,

162 564 372 632 prouida
399 565 656 615 consilium
683 566 815 632 quod
841 568 999 617 nescit
1026 569 1161 617 curia
1187 574 1418 624 matrum,

142 634 496 701 'consultisque
522 637 686 687 uirum
712 638 928 702 praesis:
969 638 1084 687 hinc
1111 638 1239 688 dicta
1264 640 1453 703 uirag0.

162 723 190 757 o
217 721 358 758 sacra
385 706 642 756 doctarum
667 708 929 772 prudentia
956 708 1321 773 fontigenarum

162 777 266 828 sola
291 792 473 828 nouem
500 777 766 843 complenS,
792 778 943 828 Musis
970 794 1108 829 mens
1134 779 1365 829 omnibus
1390 794 1501 837 una,

26 863 67 895 10
161 855 209 900 te
236 863 417 914 precor
442 849 503 899 ad
528 850 784 914 proprium
813 849 1007 913 dignata
1034 849 1238 900 illabere
1264 865 1445 900 munus

164 920 411 985 inspirans
436 919 580 970 nobis
608 921 779 971 Graias
805 919 1066 969 Latiariter
1093 928 1238 970 artes,

231 1020 335 1082 Ago
361 1018 450 1068 tibi
476 1018 750 1083 habeoque,
781 1018 909 1075 diua,
937 1017 1327 1083 persoluens'que
1353 1024 1583 1084 perpetes
1611 1019 1695 1070 de-

88 1088 219 1139 bebo
247 1095 427 1153 grates,
458 1104 584 1152 quae
611 1090 790 1152 optatis
809 1087 993 1153 fulgida
1015 1089 1231 1153 dignaris
1259 1105 1495 1139 annuere.
1545 1103 1697 1139 nosco

90 1174 403 1225 uenerorque
441 1159 572 1223 quod
607 1159 723 1208 uidi.
798 1165 976 1224 parent
1012 1159 1224 1223 denique
1250 1161 1347 1208 iam
1383 1160 1698 1222 ingressurae

27 1243 68 1275 15
92 1235 223 1280 artes
272 1229 508 1293 obsequio
545 1228 868 1279 electissimae
905 1228 1230 1285 feminarum,
1278 1244 1403 1292 quae
1439 1230 1696 1280 decentem

90 1300 335 1366 quandam
389 1306 535 1364 atque
575 1299 760 1364 hyalini
808 1297 1025 1363 pulueris
1070 1300 1384 1363 respersione
1429 1298 1696 1349 coloratam

88 1369 258 1436 <uelut
296 1369 570 1419 mensulam
606 1371 890 1434 gestitantes
928 1369 987 1418 ad
1026 1369 1243 1420 medium
1291 1370 1460 1435 superi
1499 1376 1698 1420 senatus

89 1440 251 1490 locum
286 1440 462 1490 fiducia
488 1441 796 1505 promptiore
830 1439 1122 1504 procedunt.
1175 1440 1259 1490 sed
1289 1455 1413 1504 quae
1439 1442 1560 1490 istae
1586 1448 1699 1491 sunt

89 1511 270 1575 quidue
296 1512 527 1575 gestitent
543 1510 876 1575 gerendorum
902 1511 1183 1560 inconscius
1208 1526 1308 1560 non
1336 1510 1578 1560 aduerto.’
1617 1511 1696 1560 hic

26 1595 68 1627 20
91 1587 143 1630 ut
166 1580 380 1646 lepidula
408 1587 482 1630 est
501 1589 548 1631 et
569 1596 694 1646 quae
720 1587 873 1630 totam
901 1579 1127 1630 fabellam
1156 1581 1215 1630 ab
1237 1581 1697 1632 inchoamentorum

90 1657 226 1701 motu
261 1652 528 1717 limineque
563 1651 857 1715 susceperit,
900 1650 1075 1701 Satura
1110 1651 1386 1701 iocabunda
1424 1653 1496 1702 ‘ni
1532 1651 1694 1701 fallor'

89 1722 248 1787 inquit
274 1720 431 1771 ‘Felix
468 1737 607 1772 meus
641 1721 910 1787 plurimum
938 1722 1234 1786 adfatimque
1262 1721 1395 1779 oliui,
1435 1728 1696 1787 quantum-

88 1808 184 1858 que
209 1791 479 1857 palaestras
503 1792 734 1856 perluere
756 1791 837 1841 uel
863 1793 1031 1856 sponsi
1057 1793 1209 1856 ipsius
1234 1799 1417 1856 posset,
1446 1792 1698 1857 superfluo

90 1861 344 1926 perdidisti
371 1862 722 1927 dispendiaque
758 1861 846 1910 lini
871 1861 1167 1926 perflagrata
1204 1877 1396 1912 cassum
1424 1863 1698 1912 deuorante

21 1947 68 1980 25
90 1932 371 1989 Mulcifero‚
402 1933 484 1997 qui
510 1938 582 1981 tot
607 1933 974 1998 gymnasiorum
1000 1947 1057 1981 ac
1082 1939 1332 1982 tantorum
1359 1932 1567 1983 heroum
1593 1948 1698 1983 ma-

11 2049 16 2054 .
91 2009 219 2052 trem
256 2002 621 2068 Philosophiam
668 2018 768 2052 non
802 2004 1053 2067 agnoscis,
1098 2002 1417 2052 saltem‘cum
1461 2018 1551 2066 per
1589 2018 1699 2053 eam

89 2069 532 2138 Iuppiter‘dudum
569 2072 790 2123 caelestis
827 2072 1103 2123 consultum
1149 2079 1346 2122 senatus
1384 2072 1698 2138 tabulamque

91 2142 318 2208 uulgaret
369 2158 579 2207 cumque
636 2144 695 2194 ad
746 2141 1048 2207 Philologiae
1099 2142 1407 2193 concilianda
1452 2145 1697 2193 consortia

90 2227 297 2277 procum
325 2213 543 2263 adlatum
581 2212 905 2263 conubialiter
931 2213 1187 2278 allegaret,
1227 2229 1289 2264 ne
1316 2222 1436 2263 tunc
1473 2229 1581 2263 eam
1608 2229 1696 2263 no-

26 2298 69 2331 30
91 2298 232 2334 scere
267 2284 499 2349 potuisti?
561 2284 646 2333 sed
686 2286 796 2349 quia
832 2298 964 2334 nunc
999 2285 1291 2334 Arcadicum
1331 2284 1423 2350 ac>
1461 2283 1696 2333 Midinum

90 2355 221 2418 sapis
245 2355 637 2419 praesertimque
675 2369 733 2404 ex
760 2353 841 2403 illo
869 2370 966 2419 quo
995 2355 1251 2405 desudatio
1290 2369 1506 2418 curaque
1535 2353 1695 2403 distri-

202 2495 230 2532 4
262 2505 442 2546 quoque
464 2492 521 2532 B¹
561 2490 582 2546 H
619 2493 705 2534 illa
726 2494 749 2533 b
783 2498 853 2534 est
873 2494 954 2534 BR
991 2492 1011 2548 [Ι
1049 2495 1161 2535 urbe
1186 2495 1357 2535 Grotzus
1387 2494 1523 2534 urbes
1544 2494 1626 2534 BR
1659 2491 1681 2548 ΙΙ

92 2551 146 2590 10
182 2552 230 2590 te
271 2562 433 2602 precor
462 2549 670 2590 Barthius
706 2554 749 2589 in
778 2550 1028 2590 membranis
1057 2563 1102 2591 se
1141 2551 1352 2591 inuenisse
1390 2550 1587 2589 mentitur
1617 2549 1696 2590 de-

89 2616 256 2658 precor
275 2605 356 2647 BR
392 2602 415 2660 ss
455 2608 506 2646 13
539 2618 659 2657 quae
680 2618 758 2647 om.
781 2605 823 2645 Β
862 2603 881 2659 ΙΙ
919 2606 1102 2658 fulgida
1122 2606 1321 2658 Koppius
1355 2605 1532 2646 fulcida
1552 2605 1634 2647 BR

91 2663 144 2702 16
183 2661 436 2703 coloratum
466 2660 568 2702 B¹R
615 2658 636 2715 Ι]
684 2663 737 2702 21
778 2664 936 2712 satyra
966 2662 1032 2702 bD
1080 2658 1100 2715 11
1147 2664 1200 2702 22
1250 2661 1541 2714 affectimque
1571 2662 1613 2702 D

92 2719 148 2760 23
194 2719 471 2772 superfluuio
500 2719 541 2757 D
597 2715 618 2771 Η
672 2719 726 2759 25
772 2717 1110 2771 gemnasiorum
1139 2717 1182 2757 B
1222 2718 1549 2771 gimnasiorum
1579 2717 1603 2758 b

93 2775 148 2815 27
171 2774 492 2815 consultumu
495 2788 518 2815 e
541 2773 750 2814 tabulam
772 2777 963 2815 senatus
983 2775 1025 2814 D
1060 2771 1078 2827 ΙΙ
1117 2775 1172 2815 28
1192 2774 1396 2826 uulgarit
1418 2774 1440 2815 b
1481 2771 1499 2827 Π
1539 2775 1594 2815 30
1624 2786 1699 2814 ar-

95 2829 335 2872 chadicum
366 2833 407 2872 D
432 2787 492 2885 ἦ]
523 2831 799 2872 medimnum
831 2830 853 2871 b
902 2827 923 2884 [l
970 2831 1020 2872 31
1052 2829 1132 2871 illo
1163 2843 1240 2871 om.
1263 2830 1300 2870 R
1346 2827 1366 2883 Ι]

1249 2897 1356 2949 13*

1731 233 1813 272 572

1731 374 1813 413 573

1726 681 1811 721 574

1720 739 1801 778 189
1815 737 1851 778 G

1727 1033 1809 1074 575

1729 1525 1812 1565 576

1729 2299 1816 2339 577
