1982 3230
589 143 672 185 DE
703 143 897 186 PRIMO
929 144 1117 187 LIBRO
1490 147 1663 191 XXXV

0 267 158 322 fflibri
182 270 226 320 II
250 270 484 320 Varronis
508 271 732 320 meminit
755 269 842 320 ubi
869 271 990 321 haec
1018 271 1190 323 habet:
1232 274 1462 324 eCaecina
1489 278 1578 337 qui
1600 278 1663 326 de

0 325 267 406 Etrusca
301 357 597 418 disciplina,
641 355 893 420 Tarquitio
930 358 1014 420 qui
1039 358 1181 414 item,
1224 358 1344 408 Iulio
1372 358 1544 424 Aquila
1579 362 1661 424 qui

38 439 196 490 item'.
225 438 800 505 (cf.deh1sMuelle1usII
821 438 1054 507 p.34sq.)
1092 442 1303 492 Plinium
1324 452 1490 494 autem
1511 460 1660 510 quem

40 522 147 574 aliis
180 525 230 574 in
255 523 407 574 rebus
430 525 649 574 Varrone
675 539 819 575 usum
857 539 964 575 esse
1000 527 1286 591 saepissime
1327 528 1440 592 (uid.
1471 530 1660 580 indices

39 613 299 659 auctorum
327 609 385 658 ad
413 608 463 657 ll.
493 609 613 658 11-
631 608 749 658 VIII.
778 610 1058 664 X—-XIIII,
1086 611 1452 662 XVI—XXIII.
1490 615 1655 665 XXVI.

34 691 477 743 XXVIII—XXXI.
507 692 1031 762 XXXHI—XXXVII)
1074 702 1266 747 constat
1292 713 1380 747 cur
1409 698 1500 747 hac
1527 700 1575 748 in
1603 714 1658 749 re

37 778 223 828 ‘uirum
252 778 591 828 doctissimum
618 779 986 829 Romanorum'
1015 783 1155 846 sequi
1181 781 1411 839 noluerit,
1440 784 1481 833 si
1508 785 1655 833 modo

21 860 342 926 disciplinam
378 862 636 913 Etruscam
682 865 731 913 in
775 866 1122 929 antiquitatum
1158 882 1328 916 rerum
1374 868 1657 918 diuinarum

33 945 174 996 libris
201 948 523 1011 exposuisset,
551 947 684 999 nulla
712 963 881 999 caussa
912 952 1180 1015 excogitari
1206 958 1383 1015 potest.
1433 958 1655 1003 ceterum

32 1045 97 1082 ne
145 1031 195 1081 id
245 1032 445 1098 quidem
497 1034 627 1098 quod
679 1035 978 1084 Censorinus
1032 1036 1107 1101 (de
1135 1036 1214 1085 die
1242 1036 1392 1086 natali
1429 1053 1534 1102 cap.
1569 1036 1651 1088 14.

32 1130 80 1182 p.
105 1113 189 1174 34,
221 1114 427 1167 14—16
456 1118 531 1166 ed.
562 1116 715 1181 Iahn.)
747 1134 804 1168 ex
831 1121 1053 1170 Varrone
1080 1120 1222 1170 ass'ert
1258 1122 1502 1171 ‘Etruscis
1529 1137 1653 1186 quo-

33 1216 130 1267 que
165 1200 304 1251 llbris
331 1187 558 1251 fatalibus
596 1209 804 1252 aetatem
831 1204 1046 1254 hominis
1084 1205 1345 1255 duodecim
1381 1206 1651 1257 hebdoma-

33 1284 177 1336 dibus
227 1285 439 1336 describi
476 1286 631 1335 Varro
684 1293 1052 1338 conmemorat'
1103 1289 1234 1340 aliud
1274 1290 1453 1355 probat
1504 1307 1650 1356 quam

5 1368 303 1420 ⁴Varronem
340 1370 661 1420 Etruscorum
699 1371 981 1436 disciplinas
1018 1389 1119 1423 non
1167 1374 1313 1439 plane
1357 1378 1652 1440 praetermi-

29 1454 165 1506 sisse.

172 1539 353 1590 Verum
389 1555 487 1604 quo
515 1542 678 1591 minus
704 1542 975 1591 Varronem
1013 1558 1070 1591 eo
1099 1544 1159 1593 de
1188 1559 1284 1608 quo
1323 1547 1512 1610 agimus
1538 1546 1648 1596 loco

26 1623 254 1675 Martiani
292 1630 543 1675 auctorem
580 1625 731 1675 fuisse
768 1627 1028 1676 credamus
1056 1627 1219 1678 obstat
1256 1631 1401 1679 etiam
1430 1632 1562 1695 quod
1590 1632 1650 1681 de

26 1709 240 1760 mirabili
274 1709 353 1760 illa
381 1710 629 1767 doctrina,
669 1725 764 1774 qua
790 1712 1009 1776 Iuppiter
1037 1714 1141 1777 ipse
1176 1730 1223 1779 p.
1257 1712 1338 1770 17,
1365 1714 1400 1763 2
1437 1718 1651 1766 Penates

27 1793 213 1845 habere
240 1795 442 1852 dicitur,
482 1794 638 1844 Varro
667 1802 903 1858 quantum
941 1798 1141 1860 quidem
1170 1814 1228 1847 ex
1255 1799 1508 1849 doctrinae
1545 1802 1649 1850 eius

26 1877 246 1945 reliquiis
273 1881 432 1929 conici
458 1879 573 1929 licet
598 1879 719 1929 nihil
747 1879 890 1943 plane
925 1883 1239 1945 praecepisse
1269 1883 1479 1933 uidetur.
1530 1900 1649 1934 con-

9 1957 103 2013 'tra
129 1963 251 2014 haec
286 1964 535 2022 doctrina,
574 1966 714 2014 cuius
752 1966 802 2013 ni
827 1964 973 2014 fallor
1007 1971 1208 2029 praeter
1235 1974 1462 2018 nostrum
1488 1971 1647 2020 Arno-

24 2046 136 2099 bius
171 2063 299 2098 unus
335 2050 581 2106 meminit,
620 2050 836 2099 refertur
862 2050 1025 2115 potius
1052 2050 1114 2099 ad
1140 2050 1387 2116 Nigidium
1416 2054 1644 2117 Figulum

26 2132 99 2199 (p.
141 2130 256 2183 123.
293 2132 377 2184 lib.
416 2133 503 2190 III,
541 2131 637 2200 40)
677 2135 918 2196 Niqidius
953 2137 1169 2186 Penates
1206 2139 1325 2187 cleos
1362 2138 1645 2202 Neptunum

24 2232 129 2269 esse
165 2224 317 2280 atque
331 2219 617 2282 Apollinem
651 2221 883 2282 prodidit
916 2223 1006 2282 qui
1022 2223 1275 2282 quondam
1313 2226 1471 2273 muris
1490 2226 1644 2275 Ilium

22 2305 308 2354 mortalium
345 2305 641 2353 condicione
678 2306 921 2354 adiuncta
951 2308 1241 2356 cinxerunt.
1303 2310 1434 2357 idem
1466 2325 1645 2360 rursus

0 2372 77 2456 'in
100 2389 231 2438 libro
249 2395 395 2438 sexto
420 2391 655 2451 exposuit
684 2395 732 2438 et
752 2391 944 2439 decimo
971 2392 1271 2454 disciplinas
1292 2394 1539 2443 Etruscas
1569 2409 1641 2443 se-

23 2486 177 2536 quens
211 2466 416 2535 qenera'
440 2487 543 2523 esse
580 2475 845 2524 Penatium
885 2482 1125 2537 quattuor
1172 2483 1220 2526 et
1256 2491 1362 2527 esse
1399 2479 1539 2527 Iouis
1577 2492 1643 2527 ex

22 2557 102 2607 his
138 2559 291 2617 ali03,
334 2560 460 2608 alios
500 2560 748 2622 Neptuni,
790 2559 1077 2620 inferorum
1115 2564 1309 2622 tertiae,
1351 2564 1642 2611 mortalium

22 2642 277 2692 hominum
315 2650 546 2704 quartos,
587 2646 945 2707 inexplicabile
980 2648 1147 2696 nescio
1185 2648 1310 2708 quid
1344 2648 1529 2696 dicens.
1594 2653 1643 2696 et

25 2727 311 2792 exposuisse
347 2727 545 2791 quidem
573 2728 821 2793 Nigidium
860 2729 920 2778 de
947 2728 1052 2778 aliis
1077 2729 1346 2779 Penatibus
1371 2730 1543 2779 XVIIII
1579 2730 1640 2780 de

25 2811 128 2862 deis
153 2810 279 2861 libro
307 2811 450 2862 docet
475 2812 751 2864 Macrobius
778 2813 877 2864 Sat.
906 2815 969 2864 111
994 2813 1030 2863 4
1056 2815 1295 2876 Niqidins
1319 2817 1448 2864 enim
1475 2817 1538 2865 de
1563 2817 1640 2866 dis

23 2896 155 2947 libro
191 2911 325 2948 nono
363 2898 555 2948 decimo
592 2902 808 2962 requirit
846 2914 963 2950 num
1003 2901 1060 2949 cti
1084 2906 1302 2963 penates
1338 2902 1438 2950 sint
1459 2900 1637 2950 Troia-

1231 2984 1299 3033 C*
