1982 3230
344 142 474 183 XXX
551 130 898 184 PRAEFATIO
929 143 995 184 IN
1023 141 1392 184 MARTIANVM
1423 141 1752 184 CAPELLAM

346 285 435 320 suo
472 270 662 319 auctori
698 273 814 318 etc.'
869 267 997 319 C'est
1021 271 1076 317 la
1096 271 1239 331 qlose
1265 271 1327 318 de
1351 270 1502 319 Remi
1523 257 1808 320 d'Aaxerre
1831 270 1980 323 eserie,

343 357 462 404 vain
502 356 573 403 du
609 353 864 404 neuvie'me
900 353 1050 404 siecle
1084 369 1174 403 sur
1204 356 1251 403 le
1267 354 1526 404 Satiricon
1548 355 1627 403 >de
1648 355 1723 416 M.
1751 355 1804 405 0.
1827 356 1963 406 Cette

341 441 482 499 qlose
518 444 590 487 est
627 438 815 488 ine'dite
851 445 898 487 et
922 441 1077 487 meme
1113 441 1184 487 les
1210 442 1514 488 manuscrits
1550 453 1611 489 en
1646 444 1762 488 sont
1794 453 1956 490 rares.

345 523 487 572 Celui
513 521 857 572 d'Avranehes
894 530 967 572 est
1002 525 1354 584 incomplet'..
1386 522 1557 586 (usque
1584 523 1645 572 ad
1671 523 1819 572 finem
1844 522 1982 586 libri-

343 607 499 672 sexti).
1771 663 1777 668 ,
1888 660 1891 662 ,

484 690 669 741 Becci
715 692 763 739 in
811 697 982 741 uetere
1031 691 1249 756 catalogo
1285 691 1652 741 Abrincatuano
1696 691 1827 756 apud
1863 691 1960 742 Ra-

339 777 623 826 uaissonum
652 791 697 840 p.
726 774 832 826 589
860 783 907 826 et
931 773 1052 826 515.
1091 777 1176 826 sed
1205 792 1322 826 num
1350 776 1499 826 hodie
1526 781 1686 826 exstet
1710 777 1895 826 nescio.

484 859 697 909 Turici
724 860 807 910 hut
832 876 939 911 esse
966 867 1050 910 aut
1070 861 1220 911 fuisse
1248 861 1447 910 uidetur
1469 861 1549 910 hic
1571 861 1958 910 commentarius

340 944 400 993 cf.
432 945 666 994 ehistoire
693 945 930 995 litteraire
958 945 1017 995 de
1043 945 1086 994 la
1116 945 1337 994 France'
1367 954 1498 994 tome
1525 945 1585 994 VI
1610 961 1658 1010 p.
1690 942 1792 995 120
1827 945 1956 994 ’Ar'-

338 1032 462 1078 noul
485 1031 548 1079 W
551 1032 634 1078 ioa
669 1029 916 1091 te'moiqne
935 1043 1029 1092 que
1061 1032 1124 1079 de
1143 1044 1234 1079 son
1257 1037 1413 1093 temps
1445 1044 1507 1080 on
1540 1032 1611 1079 les
1634 1032 1788 1080 voioit
1820 1032 1978 1080 aussi.

339 1113 371 1163 ἁ
398 1114 628 1164 Ζανῖεή.’

481 1197 881 1262 Guelferbyti
929 1198 1179 1248 Gudianus
1214 1195 1319 1248 335
1363 1203 1649 1263 excerptum
1686 1213 1982 1262 paucarum¹

337 1283 630 1345 paginarum
658 1283 718 1332 de
746 1298 843 1347 quo
871 1289 1042 1347 postea
1070 1282 1246 1332 dicam.

479 1367 733 1430 Lipsiae
793 1368 874 1431 qui
926 1360 1217 1416 adseruatui·
1267 1366 1394 1416 libe1
1444 1382 1490 1415 n.
1531 1367 1614 1416 LX
1675 1366 1954 1417 Naumanni

336 1451 518 1500 saeculi
543 1451 629 1500 XII
656 1450 756 1500 foll.
784 1448 853 1501 55
879 1452 1087 1515 Remigii
1115 1466 1222 1501 esse
1248 1451 1513 1500 admodum
1541 1453 1650 1500 ueri
1677 1451 1835 1501 simile
1861 1456 1950 1501 est.

334 1535 654 1584 Naumannus
694 1535 754 1584 de
790 1534 871 1583 illo
901 1535 1068 1585 codice
1095 1535 1218 1585 haec
1244 1535 1396 1586 habet
1434 1536 1543 1602 (cat.
1570 1535 1668 1585 MS.
1699 1536 1949 1586 Grimmae

334 1618 384 1669 4.
426 1618 587 1684 1838)
640 1619 868 1670 ‘Glossae
895 1622 944 1669 in
970 1620 1032 1669 M.
1063 1620 1112 1669 C.
1142 1620 1328 1670 Desunt
1362 1620 1533 1670 titulus
1570 1620 1763 1669 initium
1788 1620 1947 1671 finis?

333 1705 484 1770 Incip.
514 1706 529 1729 ⁶
543 1706 809 1768 Sapientia
828 1712 875 1754 et
898 1708 1234 1767 ineloquentia
1248 1707 1463 1768 prodest
1479 1720 1677 1767 semper
1693 1718 1952 1768 nunquam

333 1791 493 1839 obest'
557 1791 709 1855 (quae
766 1789 825 1838 ad
870 1788 1082 1838 uerbum
1140 1797 1419 1852 congruunt
1462 1805 1574 1839 cum
1618 1790 1687 1838 eis
1732 1804 1859 1854 quae
1897 1789 1950 1838 in

333 1873 557 1924 Gudiano
596 1871 701 1924 335
735 1872 967 1936 leguntur
1005 1875 1089 1936 qui
1124 1873 1335 1937 Remigii
1370 1876 1467 1935 est)
1506 1872 1724 1937 ‘Explic.
1763 1872 1982 1923 Grauat.

333 1957 429 2007 sata
468 1958 767 2007 succidentis
795 1956 989 2007 Osiris)
1057 1957 1108 2006 [n
1135 1959 1298 2022 primo
1324 1957 1439 2007 libri
1467 1957 1581 2007 solio
1618 1973 1643 2007 a
1679 1973 1829 2008 manu
1866 1971 1950 2008 re·

333 2042 551 2090 centiore
587 2040 843 2104 leguntur:
886 2041 1117 2090 ‘Monast.
1155 2041 1202 2090 S.
1231 2041 1443 2091 Vdalrici
1468 2042 1731 2106 Augustae.
1768 2041 1982 2092 Gottfr.=

331 2124 445 2173 Chr.
486 2126 711 2174 Goetzius
739 2127 789 2173 in
824 2139 1127 2188 programm.
1166 2141 1260 2189 quo
1287 2127 1568 2175 bibliothee.
1607 2133 1771 2176 senat.
1806 2128 1947 2190 ἱέμε.

330 2210 490 2258 bonae
514 2212 669 2258 menti
692 2211 1031 2259 dedicandam
1068 2217 1220 2271 atque
1246 2212 1577 2271 aperiendam
1610 2211 1731 2270 fore
1767 2204 1967 2262 indicii

331 2292 477 2358 (Lips.
510 2291 680 2356 1711.)
709 2308 756 2356 p.
783 2291 851 2343 28
880 2295 1002 2362 haec
1032 2294 1092 2343 de
1118 2293 1201 2343 illo
1230 2293 1399 2343 codice
1428 2295 1651 2359 scripsit:
1690 2294 1967 2344 ‘Anecdo-'

334 2383 499 2425 torum
528 2384 779 2426 cateruam
806 2386 988 2442 augent
1014 2378 1207 2441 glossae
1234 2378 1413 2427 latinae
1444 2379 1492 2426 in
1519 2380 1669 2428 Marc.
1699 2377 1947 2445 Capellam

329 2460 763 2518 membranaceae,
813 2463 861 2510 in
899 2463 1139 2527 principio
1178 2469 1344 2512 tamen
1390 2477 1490 2512 uno
1533 2462 1651 2513 folio
1688 2468 1960 2513 truncatae-

328 2560 452 2609 quae
473 2560 591 2595 num
615 2546 815 2596 eaedem
838 2548 1028 2597 censeri
1049 2546 1259 2597 debeant
1280 2562 1390 2596 cum
1420 2549 1490 2597 eis
1510 2563 1631 2612 quas
1651 2547 1877 2598 Labbeus
1898 2586 1908 2597 .
1929 2587 1946 2598 .

331 2631 447 2678 citat
483 2629 563 2679 uel
600 2630 690 2680 sub
733 2633 934 2680 nomine
972 2633 1290 2695 expositionis
1326 2632 1460 2681 Scoti
1498 2632 1739 2696 Erigenae
1775 2631 1940 2682 laudat

328 2719 431 2761 tuto
459 2713 694 2764 hariolari
719 2730 818 2764 non
845 2715 974 2766 licet.
1037 2716 1090 2764 Id
1116 2715 1299 2780 liquido
1327 2717 1444 2765 satis
1471 2721 1684 2773 constat,
1724 2715 1963 2766 Scholia—-

327 2803 433 2846 sten
459 2798 525 2846 ibi
549 2798 690 2848 nobis
716 2801 821 2849 sisti
848 2806 895 2848 et
912 2799 1208 2865 Mythologia
1237 2802 1434 2865 antiqua
1462 2807 1509 2850 et
1529 2799 1940 2871 Philosophorum
1974 2863 1979 2868 .

327 2886 550 2930 ueterum
578 2882 764 2946 placitis
791 2884 919 2934 haud
947 2883 1210 2950 proletarie
1236 2884 1519 2934 imbutum.'
1559 2886 1718 2934 risum
1737 2889 1943 2934 mouent
