1982 3230
705 86 893 130 LIBER
922 87 1017 130 1111
1571 83 1674 136 113

8 235 10 239 ’
71 233 181 284 litas
219 232 412 297 magis
449 236 498 282 et
536 230 754 287 minus,
804 245 896 279 nec
936 237 1096 279 tamen
1136 229 1311 278 omnis.
1388 226 1507 277 nihil
1546 228 1675 277 enim

74 303 316 369 quadrum
343 302 497 364 magis
522 299 675 350 altero
703 301 891 366 quadro
918 300 1159 366 quadrum
1188 306 1277 349 est.
1330 300 1483 363 magis
1511 304 1675 349 autem

74 373 257 439 aliquid
293 371 501 422 candido
529 371 791 421 candidum
819 371 917 420 dici
951 377 1124 436 potest.
1202 378 1250 419 et
1276 372 1496 435 quaestio
1524 377 1598 419 est
1627 371 1677 418 in

71 444 318 511 plerisque
365 448 530 492 utrum
582 442 736 505 magis
784 443 940 492 iustus
988 444 1122 491 alter
1156 440 1311 490 altero
1361 440 1456 489 dici
1506 442 1675 505 possit.

29 527 51 561 5
75 514 320 580 plerisque
347 519 509 563 autem
546 511 791 562 subtiliter
819 512 1049 561 uidentur
1086 511 1367 560 adtendisse
1404 511 1484 575 qui
1522 510 1677 574 quali-

72 593 193 636 tates
230 587 361 650 ipsas
398 599 499 633 non
539 584 707 632 dicunt
744 585 967 648 recipere
1006 584 1160 645 magis
1199 587 1247 630 et
1295 583 1458 630 minus
1497 582 1581 630 sed
1623 596 1679 630 ea

72 671 195 721 quae
230 654 290 704 ab
319 654 395 704 his
421 654 815 710 denominantur,
856 660 909 702 ut
944 654 1126 702 iustitia
1162 654 1221 700 sit
1260 653 1364 715 ipsa
1406 667 1502 702 una
1530 667 1678 716 quae-

72 726 183 776 dam
211 726 428 789 perfecta
459 726 609 781 notio,
639 731 692 773 ut
718 739 815 773 non
844 725 937 773 dici
964 724 1118 788 possit
1143 724 1319 787 ‘magis
1346 722 1468 771 haec
1495 723 1678 772 iustitia

71 812 216 863 quam
253 795 332 845 illa
370 799 463 846 est'
505 796 599 844 dici
627 803 789 844 tamen
827 801 990 859 potest
1029 796 1202 858 emagis
1239 794 1320 843 hio
1345 795 1504 843 iustus
1530 809 1678 858 quam

8 867 151 925 mille
186 871 280 917 est'
326 868 440 916 item
481 866 575 915 dici
611 881 708 915 non
748 872 908 930 potest
956 866 1130 928 ‘magis
1165 864 1287 914 haee
1325 866 1505 913 sanitas
1532 879 1679 929 quam

4 947 8 954 '
72 937 151 988 illa
178 941 269 987 est'
306 937 399 986 dici
427 943 588 986 tamen
619 938 770 1001 possit
806 938 981 1000 <magis
1008 936 1088 984 hio
1115 951 1262 985 sanus
1290 950 1434 1000 quam
1463 934 1541 984 ille
1570 938 1678 984 est'.

19 1007 22 1011 ’
73 1025 131 1059 ex
170 1024 266 1072 quo
305 1008 357 1056 fit
397 1014 448 1057 ut
498 1007 766 1057 substantia
819 1023 915 1055 non
963 1008 1168 1071 recipiat
1212 1008 1367 1070 magis
1408 1012 1455 1055 et
1500 1007 1677 1062 minuS,

73 1078 328 1144 qualitates
354 1079 550 1143 quidem
588 1093 676 1143 per
712 1080 843 1143 ipsas
879 1076 1173 1127 substantias
1209 1079 1398 1142 possint
1436 1078 1677 1141 recipere.

74 1151 187 1199 item
217 1150 602 1198 eontrarium
631 1148 836 1213 qualitas
862 1148 1010 1197 habet
1035 1163 1126 1198 neo
1152 1153 1316 1197 tamen
1344 1148 1515 1196 omnis.
1565 1163 1676 1196 narn
1702 1151 1833 1194 1106

11 1231 53 1266 15
76 1221 269 1270 sanitati
297 1235 405 1269 cum
434 1221 496 1269 sit
522 1218 810 1268 inbecillitas
837 1219 1107 1276 contraria,
1135 1218 1257 1267 nihil
1285 1227 1356 1267 est
1381 1219 1569 1283 quadro
1597 1233 1678 1267 ro—

75 1290 291 1340 tundoue
318 1292 636 1339 contrarium.
696 1289 962 1338 uidendum
991 1295 1064 1338 est
1090 1297 1253 1338 autem
1281 1290 1512 1352 quoniam
1541 1290 1677 1353 quic-

76 1360 192 1424 quid
214 1361 516 1410 contrarium
537 1359 754 1423 qualitati
783 1367 856 1410 est
876 1359 1081 1424 qualitas
1108 1361 1169 1408 sit
1195 1375 1398 1409 necesse
1426 1367 1517 1410 est.
1570 1359 1675 1408 dul-

75 1431 196 1481 cedo
223 1437 386 1479 autem
412 1429 633 1496 qualitaS‚
664 1430 870 1496 qualitas
896 1432 1044 1494 igitur
1074 1431 1349 1480 amaritudo
1378 1437 1424 1480 et
1451 1430 1640 1479 similia.

22 1575 28 1583 ·
216 1527 544 1575 QVANTITAS
573 1515 802 1580 bipertita
830 1523 926 1572 est,
956 1515 1086 1579 quod
1115 1514 1206 1564 alia
1236 1515 1448 1564 discreta
1489 1522 1562 1565 est
1589 1514 1678 1565 alia
1714 1521 1794 1562 371

11 1599 54 1634 20
77 1588 322 1636 continua.
385 1597 672 1637 DISCRETA
709 1593 760 1636 ut
797 1587 990 1635 numeri
1025 1593 1072 1635 et
1098 1588 1350 1642 orationiS‚
1389 1598 1683 1636 CONTINVA

76 1662 130 1707 ut
163 1655 319 1706 lineae
359 1673 415 1706 ao
452 1659 706 1722 temporis.
782 1658 897 1706 item
938 1657 1031 1706 alia
1071 1658 1355 1721 quantitatis
1393 1658 1569 1706 diuisio
1612 1665 1684 1706 est

78 1727 207 1792 quod
236 1726 326 1777 alia
353 1729 500 1777 situm
528 1728 772 1791 quendam
799 1729 1011 1791 partium
1049 1727 1224 1783 habet,
1256 1727 1350 1776 alia
1390 1743 1489 1776 non
1517 1727 1681 1778 habet.

77 1813 192 1847 nam
216 1797 343 1847 linea
371 1800 464 1847 situ
486 1798 696 1862 quodam
724 1799 936 1862 partium
963 1797 1279 1860 intellegitur,
1308 1799 1348 1846 si
1368 1798 1566 1863 quidem
1589 1798 1684 1847 dici

77 1874 238 1933 potest
263 1884 387 1932 quae
423 1883 537 1932 pars
576 1869 678 1917 eius
716 1883 813 1933 quo
852 1868 961 1917 loco
999 1868 1073 1926 sit,
1114 1870 1437 1933 dextramque
1474 1885 1530 1918 ac
1569 1871 1684 1918 sini-

17 1951 61 1997 25
83 1946 235 1988 stram
274 1939 470 1987 uidetur
508 1938 708 1988 habere.
768 1945 815 1987 at
854 1937 974 1988 uero
1013 1955 1250 1989 numerus
1289 1948 1372 1988 aut
1409 1941 1564 1989 oratio
1605 1947 1686 1989 aut

81 2008 312 2074 <tempus
350 2008 469 2058 nihil
507 2008 683 2058 horum
723 2009 929 2065 habent,
970 2012 1196 2074 quamuis
1235 2010 1461 2060 ordinem
1501 2010 1685 2060 habere

82 2080 272 2144 possint
296 2087 351 2128 ut
375 2081 438 2128 sit
474 2080 520 2128 in
548 2080 623 2129 his
659 2079 837 2145 aliquid
863 2084 1078 2144 primum
1119 2089 1165 2130 et
1191 2081 1464 2131 secundum
1501 2088 1549 2130 et
1577 2081 1685 2131 ulti-

82 2165 215 2199 mum
255 2155 303 2198 et
329 2150 568 2206 medium,
610 2151 729 2199 nihil
769 2159 930 2200 tamen
959 2152 1091 2217 quod
1131 2153 1177 2200 in
1206 2151 1316 2201 loco
1355 2151 1683 2216 intellegatur.

82 2221 325 2284 quantitas
352 2222 511 2270 omnis
547 2228 682 2270 caret
707 2223 968 2272 contrario.
1046 2223 1163 2286 quid
1191 2224 1320 2272 enim
1359 2223 1569 2288 bipedali
1597 2224 1683 2273 tri·
1717 2229 1800 2271 372

16 2290 302 2356 mpedaliue
350 2292 680 2340 contrarium?
744 2300 791 2342 et
829 2294 867 2341 si
906 2294 1014 2356 quis
1062 2294 1240 2343 dixerit
1289 2295 1536 2343 contraria
1576 2309 1682 2343 esse

79 2363 238 2411 maius
276 2368 323 2410 et
360 2363 545 2419 minuS,
585 2377 710 2427 quae
759 2363 990 2413 uidentur
1029 2379 1136 2414 esse
1184 2363 1339 2414 uerba
1388 2365 1686 2430 quantitatis,

82 2433 204 2480 sciat
233 2447 328 2480 non
359 2447 464 2480 esse
493 2432 739 2482 definitam
768 2435 1103 2497 quantitatem.
1180 2436 1343 2498 itaque
1381 2436 1532 2500 siquis
1559 2435 1689 2483 dicat

83 2501 262 2566 aliquid
292 2503 446 2551 maius
474 2517 604 2559 esse,
633 2504 828 2553 uidetur
849 2519 955 2554 esse
982 2506 1026 2553 ei
1048 2506 1348 2554 contrarium
1371 2505 1500 2569 quod
1526 2506 1690 2554 minus

85 2579 172 2622 est.
225 2573 263 2621 si
291 2579 480 2622 certum
509 2575 800 2638 quaesiuero
828 2578 944 2639 ‘quo
973 2576 1128 2624 maius
1155 2576 1279 2624 est'?
1306 2582 1356 2625 et
1376 2575 1690 2638 responderit
1748 2592 1750 2595 ’

87 2643 215 2707 quod
244 2643 482 2707 tripedali,
523 2650 727 2709 apparet
752 2644 872 2693 nihil
908 2660 1015 2694 esse
1053 2647 1373 2696 contrarium.
1451 2647 1555 2710 ipsa
1595 2645 1688 2695 sihi

196 2771 224 2810 4
259 2775 468 2811 utrumne
503 2771 541 2811 R
587 2767 607 2825 [Ι
653 2770 773 2811 alter
803 2772 953 2812 addidi
991 2785 1236 2826 quamquam
1265 2774 1399 2814 omitti
1431 2778 1608 2826 poterat
1652 2771 1672 2828 Η

90 2825 143 2866 19
173 2825 283 2866 item
314 2826 369 2866 de
402 2827 660 2879 quantitate
692 2834 790 2868 ante
822 2827 1061 2879 quantitas
1091 2830 1192 2869 add.
1217 2828 1300 2870 BR
1337 2825 1357 2883 ΙΙ
1397 2829 1448 2871 31
1481 2830 1628 2871 maius
1649 2831 1690 2871 D

88 2882 235 2934 magis
258 2882 298 2922 B
346 2880 365 2937 Η
414 2886 467 2924 32
501 2885 601 2937 quis
631 2899 694 2924 om
734 2882 836 2924 B'D
874 2881 895 2939 [l

173 2977 439 3009 uAB'rxANUS
463 2980 675 3010 CAPELLA
1321 2953 1353 3006 8
