1982 3230
736 74 924 116 LIBER
952 74 1018 117 Ἦ
1571 68 1679 123 233

71 221 286 272 externis
311 232 580 283 numquam
605 217 893 267 miscentur.
942 214 1222 279 Blemmyae
1249 214 1355 263 sine
1381 212 1540 278 capite
1567 218 1684 262 sunt

71 298 217 356 atque
253 305 309 340 os
345 295 394 340 et
429 287 598 338 oculos
631 288 679 336 in
717 293 920 351 pectore
956 291 1149 349 gerunt.
1226 285 1387 349 Satyri
1423 284 1677 333 hominurn

70 361 192 412 nihil
236 359 421 410 habent
465 358 559 407 nisi
604 358 795 407 faciem.
880 357 1157 421 Aegipanes
1191 354 1360 419 quales
1406 356 1686 419 pinguntur

72 434 301 482 existunt.
374 428 761 492 Himantopodes
789 426 1039 477 debilitate
1073 425 1256 490 pedum
1284 429 1491 489 serpunt
1515 424 1687 490 potius

28 515 48 548 5
73 517 221 567 quam
265 498 514 549 incedunt.
577 498 788 548 Pharusi
825 497 1031 547 comites
1065 495 1294 545 Herculis
1338 496 1491 545 fuere.
1567 500 1684 558 post

73 573 165 622 hos
188 571 300 621 finis
337 576 411 619 est
437 569 645 618 Africae.

212 642 466 704 Aegyptus
488 639 689 696 dehinc,
716 638 812 687 hoc
839 643 914 686 est
937 637 1079 687 Asiae
1118 642 1280 699 caput.
1345 650 1470 699 quae
1495 649 1595 684 una
1622 633 1681 684 ab
1713 643 1810 686 675

71 713 195 762 ostio
223 711 409 775 Canopi
434 709 495 758 ad
534 710 714 758 ostium
741 708 885 763 Ponti
920 706 1070 756 habet
1095 707 1248 755 uicies
1280 706 1439 756 sexies
1474 709 1682 754 centena

70 782 272 845 triginta
308 786 419 830 octo
453 779 586 828 milia
622 793 883 843 passuum,
923 777 984 827 ab
1022 792 1110 826 ore
1146 783 1317 826 autem
1344 776 1490 826 Ponti
1525 775 1586 824 ad
1625 790 1682 824 os

7 866 49 899 ιο
70 852 274 902 Maeotis
310 850 529 901 sedecies
564 856 772 899 centena
812 848 1120 912 septuaginta
1157 849 1374 913 quinque
1411 846 1544 895 milia
1571 860 1683 910 pas-

71 937 231 972 suum.
306 936 482 971 uerum
511 922 760 985 Aegyptus
805 921 1078 968 introrsum
1115 918 1174 967 ad
1220 918 1478 967 meridiem
1512 915 1682 970 tendit,

73 993 229 1042 donec
265 1008 291 1041 a
326 998 468 1054 tergo
505 991 770 1054 Aethiopes
810 989 1169 1044 obuersentur‚
1222 989 1362 1038 cuius
1398 987 1683 1036 inferiorem

77 1064 222 1112 situm
248 1061 388 1111 Nilus
415 1062 587 1110 dextra
614 1060 854 1123 laeuaque
882 1060 1069 1108 diuisus
1095 1058 1422 1122 amplectitur,
1452 1063 1507 1106 ut
1528 1059 1684 1121 Aegy-

74 1139 211 1197 ptum
238 1131 334 1181 Nili
371 1133 531 1196 possis
569 1129 778 1180 insulam
815 1130 1049 1179 uocitare.
1125 1144 1238 1178 nam
1267 1129 1327 1178 ab
1365 1127 1555 1177 ambitu
1591 1128 1683 1175 cir-

10 1216 51 1248 15
75 1202 387 1252 cumssuentis
424 1203 582 1250 amnis
629 1202 773 1250 etiam
811 1199 948 1249 Delta
983 1198 1175 1248 litterae
1214 1200 1423 1262 figuram
1464 1197 1699 1247 creditur·

76 1273 312 1323 detinere.
389 1271 474 1320 sed
503 1286 528 1320 a
564 1271 804 1334 principio
832 1270 1036 1319 fissurae
1072 1270 1224 1334 ipsius
1259 1268 1472 1318 ssuuialis
1508 1267 1568 1316 ad
1597 1267 1690 1316 Ca*

74 1344 307 1407 nopicum
345 1342 521 1390 ostium
560 1340 690 1389 milia
726 1347 924 1390 centum
952 1340 1276 1403 quadraginta
1313 1353 1415 1388 sex.
1491 1352 1690 1396 summa
1716 1347 1810 1388 676·

75 1419 239 1462 autem
266 1413 372 1462 eius
398 1426 512 1475 pars
539 1412 846 1460 contermina
867 1411 1155 1474 Aethiopiae
1180 1409 1359 1459 multas
1386 1407 1685 1473 oppidorum

74 1483 412 1548 praefecturas
439 1481 601 1539 habet,
631 1496 752 1546 quas
777 1496 952 1531 nomos
978 1486 1184 1538 uocant,
1214 1482 1345 1529 inter
1372 1494 1493 1544 quas
1519 1478 1686 1528 Mene-

10 1566 55 1598 20
76 1553 241 1602 laitem
291 1552 617 1602 Alexandriae
678 1553 958 1614 regionem,
1018 1552 1135 1600 item
1188 1551 1371 1615 Libyae
1429 1550 1685 1599 Mareotin.

75 1622 442 1685 Heracleopolis
480 1628 642 1671 autem
679 1621 838 1671 insula
863 1622 958 1671 Nili
1001 1627 1101 1677 est,
1138 1622 1187 1670 in
1216 1636 1310 1685 qua
1349 1620 1528 1685 oppida
1564 1619 1688 1668 Her-

78 1692 213 1750 culis,
241 1693 483 1742 Arsinoita
511 1699 557 1740 et
583 1693 864 1757 Memphim,
894 1706 1020 1757 quae
1048 1692 1107 1740 ad
1135 1706 1383 1740 summum
1410 1689 1546 1739 Delta
1574 1704 1689 1754 per-

76 1764 299 1813 ueniunt.
375 1762 515 1811 Nilus
542 1769 704 1812 autern
740 1763 845 1826 ipse
878 1763 1082 1811 incertis
1119 1769 1257 1810 ortus
1285 1760 1502 1810 fontibus
1531 1759 1688 1809 credi-

78 1839 175 1888 tur,
205 1848 316 1882 cum
345 1831 463 1881 Iuba
490 1848 577 1881 rex
606 1846 718 1881 eum
747 1847 772 1881 a
799 1840 965 1880 monte
992 1832 1243 1880 inferioris
1269 1831 1590 1881 Mauritaniae
1628 1829 1690 1878 de

15 1914 57 1947 25
80 1902 191 1952 lacu
208 1902 364 1952 Nilide
386 1903 505 1951 oriri
528 1903 781 1965 significet,
809 1902 941 1967 quod
968 1901 1265 1951 animalibus
1283 1901 1441 1951 isdem
1469 1906 1517 1949 et
1543 1913 1690 1962 argu-

31 1998 34 2001 ·
80 1974 256 2022 mentis
292 1973 480 2022 feturae
515 1971 682 2036 parilis
719 1972 1037 2036 approbatur.
1114 1974 1162 2020 in
1190 1974 1323 2021 omni
1361 1977 1523 2020 autem
1552 1969 1690 2019 Delta

192 2142 215 2191 ξ
246 2143 328 2182 675
363 2154 416 2181 ex
445 2139 597 2180 Plinio
619 2141 660 2181 V
680 2143 733 2181 47
757 2143 804 2181 et
822 2142 878 2181 48
927 2138 945 2194 Η
1003 2141 1027 2190 ξ
1059 2141 1141 2182 676
1175 2153 1229 2180 ex
1257 2139 1410 2181 Plinio
1433 2141 1472 2181 V
1494 2140 1550 2180 48
1573 2142 1688 2180 extr.

78 2199 202 2238 —51
229 2201 274 2238 et
298 2199 350 2238 59
377 2201 423 2237 et
443 2197 611 2238 62—63

194 2353 216 2391 1
250 2351 446 2391 esternis
468 2349 585 2390 B¹R¹
626 2347 645 2405 Η
683 2351 910 2403 blemmye
933 2350 998 2391 bR
1026 2350 1251 2402 blemmys
1272 2350 1315 2390 B
1352 2347 1372 2403 Η
1414 2349 1544 2389 sinea
1565 2346 1624 2387 B¹
1655 2345 1674 2400 ΙΙ

79 2408 105 2448 3
139 2407 359 2459 egipanes
381 2406 462 2446 BR
508 2402 527 2459 Η
573 2408 601 2445 4
633 2406 922 2447 exsistuntB
968 2403 987 2459 Η
1033 2406 1400 2458 Himantopodes
1423 2406 1586 2444 Plinius
1624 2403 1693 2443 ia-

79 2461 431 2514 mantopodesB
462 2461 768 2514 imantipodes
791 2462 814 2502 b
844 2462 1164 2515 imantopedes
1186 2462 1224 2502 R
1262 2459 1281 2514 ΙΙ
1320 2463 1346 2502 5
1378 2461 1524 2501 farusi
1545 2459 1628 2500 BR

78 2518 291 2559 hercules
322 2516 422 2557 B¹R
461 2517 479 2570 Η
521 2518 544 2557 7
567 2521 762 2570 egyptus
783 2517 824 2556 Β
863 2514 882 2571 {l
920 2519 946 2558 8
977 2517 1127 2558 hostio
1148 2518 1230 2557 BR
1267 2514 1287 2571 Ι]
1326 2517 1524 2557 hostium
1546 2515 1628 2556 BR

79 2589 230 2629 XXVI
249 2619 258 2627 .
276 2586 468 2635 XXXIX
491 2586 538 2626 M
567 2600 612 2639 p.
634 2587 797 2626 Plinius
844 2583 865 2640 ΙΙ
913 2588 939 2627 9
969 2586 1079 2627 hore
1110 2586 1149 2627 R
1196 2582 1216 2639 Η
1267 2588 1318 2627 10
1348 2586 1513 2626 meotis
1534 2584 1618 2625 BR
1656 2580 1678 2638 ΙΙ

79 2646 192 2699 XV.
213 2658 340 2697 XLV
367 2656 416 2696 M
447 2670 488 2708 p.
513 2658 676 2697 Plinius
714 2653 734 2709 u
785 2657 837 2696 12
870 2656 1078 2709 ethiopes
1099 2655 1181 2696 BR
1219 2652 1239 2708 Η
1280 2657 1332 2696 15
1363 2654 1518 2696 deltae
1536 2654 1618 2694 BR
1656 2650 1677 2707 ι]

84 2714 137 2754 18
168 2713 399 2767 ethiopiae
422 2712 505 2753 BR
553 2710 571 2766 Η
622 2714 674 2752 19
706 2723 811 2751 nom
837 2711 891 2751 B¹
930 2709 950 2764 Η
1000 2711 1296 2752 menalaitem
1328 2711 1351 2750 b
1391 2707 1411 2764 Η
1449 2713 1506 2752 ‘20
1534 2710 1696 2763 lybiae

82 2768 166 2810 BR
215 2766 222 2823 1
269 2769 488 2810 mareotis
519 2768 542 2808 b
592 2765 610 2822 [Ι
660 2770 712 2808 22
747 2768 982 2808 arsenoite.
1013 2768 1037 2807 b
1077 2765 1096 2821 Η
1145 2769 1221 2819 qui
1241 2766 1343 2808 B¹R
1382 2765 1402 2822 Η
1450 2769 1507 2807 24
1537 2769 1695 2806 mante—

82 2823 141 2864 B¹
191 2822 198 2878 Ι
256 2825 574 2866 mauretaniae
596 2823 655 2864 B¹
707 2821 726 2878 Η
774 2823 893 2879 ᾀᾳΒ
932 2820 951 2878 Η
