1982 3230
118 629 173 669 90
195 629 230 670 G
259 623 395 672 face
430 622 670 672 faciam.

145 701 227 742 321

148 1963 230 2005 322

258 59 328 113 94
737 61 1037 102 ΜΑΒΊῚΑΝΙ
1068 60 1386 102 CAPELLAE
1687 27 1690 29 ’
1741 27 1758 53 ²
1790 0 1906 71 ’ἥτε
1969 29 1982 70 22

261 204 434 252 tertiae
484 201 842 264 coniugationis
894 209 1151 264 correptae
1200 200 1354 250 uerba
1404 201 1670 251 indicatiuo
1716 197 1866 252 modo
1920 219 1923 222 ’
1970 201 1975 204 “

259 279 482 335 tempore
509 271 675 320 futuro
703 270 893 320 sublata
914 270 954 320 E
978 270 1138 320 littera
1167 277 1216 321 et
1241 271 1429 320 adiecta
1453 282 1537 320 AM
1563 270 1748 337 syllaba
1764 276 1867 322 ten·
1901 270 1925 331 ὴὲ

258 343 508 391 minantur
540 348 593 390 ut
637 340 772 404 lege
817 340 1039 405 legam,
1092 348 1232 405 pete
1270 348 1495 405 petam,
1544 341 1733 393 indue
1767 343 1865 391 in·

261 412 289 460 d
305 427 437 461 uam
466 413 682 475 exceptis
717 411 793 460 his
818 427 944 476 quae
969 411 989 460 I
1015 420 1127 460 ante
1153 411 1193 461 Ο
1219 411 1483 461 habuerint
1507 412 1559 460 in
1585 413 1741 475 prima
1775 430 1865 479 po·

260 482 451 531 sitione.
527 497 583 531 ea
622 482 751 531 enim
777 481 816 530 Ε
842 483 892 530 in
919 481 939 531 I
967 488 1264 531 conuertunt
1290 487 1338 530 et
1375 489 1624 547 assumpta
1649 495 1734 533 AM
1768 485 1863 550 syl·

258 551 369 602 laba
403 551 591 601 faciunt
628 551 849 601 futurum
885 558 937 601 ut
974 553 1154 616 rapio
1199 566 1345 615 rape
1388 552 1652 616 rapiam,
1700 553 1864 605 facio
1928 570 1942 620 j

401 692 598 742 Tertiae
658 693 1014 755 coniugationis
1064 692 1341 756 productae
1390 691 1565 741 uerba·
1600 692 1866 745 indicatiuo
1937 684 1950 723 ⁷⁴·

258 762 406 812 modo
434 770 656 826 tempore
678 764 927 827 praesenti
952 761 1177 826 <primae
1201 777 1445 827 personae
1480 769 1569 811 aut
1587 773 1664 813 Eo
1689 762 1866 814 litteris

258 833 589 882 terminantur
623 840 677 882 ut
711 832 862 886 adeo
907 832 1063 890 adis,
1091 832 1344 896 prodeo
1383 832 1629 897 prodis;
1680 839 1764 883 aut
1800 845 1863 886 10

260 902 441 952 audio
486 903 687 957 audis,
734 903 948 951 nutrio
992 904 1214 954 nutriS.
1301 904 1474 952 tertiae
1509 903 1866 967 coniugationis
1939 899 1965 910 ’

259 973 530 1038 productae
566 971 720 1021 uerba
758 973 1053 1036 imperatiuo
1090 973 1237 1021 modo
1271 978 1494 1036 tempore
1529 975 1779 1036 praesenti
1815 974 1866 1023 in
1946 999 1973 1020 ‚s

260 1043 477 1093 secunda
510 1042 769 1106 personal
803 1041 1039 1106 producta
1075 1043 1424 1099 terminantur,
1462 1047 1517 1091 ut
1550 1042 1701 1092 adeo
1738 1043 1864 1102 adi,

259 1112 496 1178 prodeo
535 1112 740 1176 prodi,
790 1112 973 1162 audio
1013 1112 1174 1169 audi,
1217 1113 1429 1161 nutrio
1480 1113 1667 1162 nutri.
1742 1112 1867 1164 haec
1932 1124 1959 1149 ‘-

258 1184 497 1232 infinitiuo
535 1182 683 1232 modo
720 1182 907 1232 adiecta
946 1181 1006 1232 ad
1040 1183 1386 1246 imperatiuum
1419 1182 1620 1231 modum
1657 1194 1733 1232 RE
1769 1183 1883 1250 syl:

259 1253 369 1303 laba
415 1259 647 1302 manente
695 1252 1021 1316 productione
1071 1253 1395 1302 terminantur
1433 1259 1487 1302 ut
1535 1253 1630 1302 adi
1667 1252 1863 1311 adire,
1930 1258 1938 1262 “

258 1323 440 1388 prodi
475 1323 751 1387 prodire.
811 1323 987 1372 tertiae
1026 1324 1385 1386 coniugationis
1419 1322 1589 1379 uerba,
1629 1338 1754 1403 quae
1790 1325 1864 1374 in·
1947 1323 1967 1386 ζ

261 1393 473 1443 dieatiuo
533 1393 680 1442 modo
739 1400 964 1456 tempore
1002 1393 1261 1457 praesenti
1316 1407 1528 1455 persona
1577 1393 1739 1456 prima
1786 1405 1865 1445 ΕΟ
1939 1388 1966 1434 f?

259 1463 439 1513 litteris
476 1464 835 1520 terminantur,
878 1478 933 1511 ea
972 1462 1120 1511 modo
1156 1462 1423 1512 indicatiuo
1461 1469 1686 1526 tempore
1722 1478 1866 1527 prae·
1949 1510 1953 1513 .

260 1535 407 1584 terito
433 1534 614 1614 ερεῴε
638 1532 860 1583 absoluta
897 1532 1085 1581 adiecta
1111 1532 1172 1581 ad
1197 1532 1543 1596 imperatiuum
1579 1533 1780 1583 modum
1803 1545 1866 1584 VI
1887 1549 1982 1586 20³2-

260 1603 445 1668 syllaba
471 1604 799 1654 terminantur
826 1608 878 1652 ut
915 1602 1066 1651 adeo
1101 1601 1299 1659 adiui,
1327 1610 1495 1652 exacta
1521 1608 1684 1652 autem
1711 1603 1863 1653 uerba

260 1686 383 1723 ΒΑΜ
433 1680 486 1722 ut
523 1674 662 1723 adiu
679 1687 868 1729 eram
915 1673 1002 1722 sed
1037 1642 1339 1722 consuetudo
1377 1687 1524 1737 saepe
1570 1672 1866 1724 breuitatem

262 1750 499 1809 appetens
533 1743 571 1791 V
605 1743 817 1793 litteram
865 1742 1108 1792 subtrahit
1154 1749 1203 1792 et
1240 1741 1460 1793 absoluta
1505 1743 1774 1805 ingeminat
1808 1743 1866 1809 1>
1935 1737 1974 1813 *ΓΤ

260 1821 314 1863 ut
351 1815 477 1863 adii
530 1815 742 1878 prodii
800 1813 1075 1863 adieram
1131 1812 1510 1876 prodieram.
1585 1812 1866 1863 inchoatiua
1955 1878 1960 1880 ἡ

262 1900 458 1950 quoque
505 1886 669 1948 specie
725 1884 909 1934 adiecta
970 1883 1031 1932 ad
1086 1884 1431 1948 imperatiuum
1471 1882 1689 1933 modum
1741 1894 1866 1933 ΒΑΜ
1886 1886 1982 1951 85ζῇ-

261 1954 444 2021 syllaba
468 1955 796 2004 terminantur
834 1960 888 2002 ut
925 1952 1167 2003 adibam
1205 1952 1542 2017 prodibam.
1594 1967 1719 2018 quae
1743 1967 1866 2004 uero

261 2024 526 2074 indicatiuo
552 2024 699 2073 modo
727 2030 951 2087 tempore
985 2024 1236 2087 praesenti
1270 2037 1481 2087 persona
1515 2023 1674 2087 prima
1699 2034 1760 2073 10
1785 2023 1862 2072 lit·
1956 2069 1959 2086 ,¹

261 2096 379 2144 teris
403 2095 757 2150 terminantur,
786 2108 842 2142 ea
878 2099 1103 2156 tempore
1127 2093 1396 2156 praeterito
1422 2092 1865 2156 specieabsolutae
1946 2108 1951 2146 s

263 2173 311 2214 et
360 2170 558 2214 exactae
605 2164 794 2213 formae
833 2163 1048 2228 quinque
1093 2163 1251 2212 modis
1298 2164 1631 2213 enuntiantur.
1706 2169 1756 2212 et
1791 2169 1866 2213 est

261 2236 454 2298 primus
478 2233 654 2284 modus
680 2232 848 2283 similis
874 2233 1120 2297 superiori
1144 2238 1199 2281 ut
1223 2233 1436 2282 nutrio
1475 2233 1726 2282 nutriui
1762 2247 1861 2283 nu·
1883 2246 1947 2290 ao„

263 2306 563 2355 triueram
610 2304 808 2353 nutrii
845 2303 1192 2352 nutrieram
1231 2308 1279 2351 et
1325 2302 1498 2352 audii
1535 2302 1865 2353 audieram
1944 2309 1975 2367 ᾗ]

262 2384 316 2425 ut
341 2375 471 2440 apud
496 2373 764 2438 Vergilium
790 2373 1036 2423 ‘audieras
1064 2379 1112 2422 et
1135 2373 1263 2422 fama
1292 2371 1421 2421 fuit!
1482 2373 1647 2436 specie
1673 2377 1864 2423 tantum
1943 2368 1971 2415 ’·.ἶ

262 2445 541 2495 inchoatiua
569 2445 765 2494 distant.
816 2444 978 2493 omnia
1012 2445 1142 2492 enim
1168 2443 1339 2492 tertiae
1366 2443 1723 2506 coniugationis
1746 2457 1864 2506 pro·
1926 2462 1949 2466 ’·
1976 2446 1978 2451 ’

377 2603 403 2640 5
450 2603 653 2640 assumta
680 2599 719 2639 R
774 2595 793 2651 Η
852 2600 904 2638 10
942 2600 992 2636 ut
1031 2610 1108 2637 om.
1142 2596 1182 2635 D
1238 2593 1257 2649 l]
1315 2598 1367 2636 15
1404 2596 1452 2635 in
1490 2595 1716 2636 infinitiuo
1754 2595 1780 2636 b
1824 2593 1845 2650 ΙΙ
1948 2634 1956 2646 2

262 2656 395 2698 modo
417 2670 493 2697 om.
516 2657 556 2695 D
595 2652 614 2709 ΙΙ
665 2656 716 2695 17
746 2653 1003 2694 indicatiuo
1034 2651 1165 2692 modo
1186 2653 1227 2691 D
1265 2648 1286 2705 Η
1324 2654 1386 2761 21Ι
1409 2651 1624 2691 adiuuiD
1659 2648 1680 2705 Η
1718 2652 1864 2692 uerba.

262 2726 340 2753 om.
371 2713 411 2752 D
467 2709 486 2777 [J
541 2713 594 2751 22
635 2712 694 2751 ad
728 2723 825 2751 ram
857 2710 957 2750 add.
990 2707 1039 2748 a}
1068 2707 1213 2748 uerba.
1241 2708 1313 2747 Dm
1441 2707 1708 2747 adiuuaram
1738 2708 1781 2747 D

263 2770 317 2808 28
358 2768 534 2820 speciei
563 2767 587 2807 b
636 2764 654 2820 Η
710 2768 764 2807 29
805 2769 851 2806 et
878 2766 916 2806 R
948 2767 1028 2803 aut
1056 2764 1099 2803 B
1147 2761 1166 2817 ΙΙ
1229 2765 1285 2805 30
1314 2763 1471 2804 modus
1502 2776 1577 2805 om.
1609 2760 1774 2816 B(R?.)

264 2825 318 2864 32
348 2822 642 2876 uirgiliumB
674 2821 788 2875 (ΕΟΖ.
816 2820 971 2862 VIIII
1001 2819 1074 2872 11)
1123 2817 1142 2872 Η
