<?xml version="1.0" encoding="UTF-8"?>
<!DOCTYPE html PUBLIC "-//W3C//DTD XHTML 1.0 Transitional//EN"
    "http://www.w3.org/TR/xhtml1/DTD/xhtml1-transitional.dtd">
<html xmlns="http://www.w3.org/1999/xhtml" xml:lang="en" lang="en">
 <head>
  <title>
</title>
<meta http-equiv="Content-Type" content="text/html;charset=utf-8" />
  <meta name='ocr-system' content='tesseract 3.04.00' />
  <meta name='ocr-capabilities' content='ocr_page ocr_carea ocr_par ocr_line ocrx_word'/>
</head>
<body>
  <div class='ocr_page' id='page_1' title='image "./martianvscapella00martuoft_0393.png"; bbox 0 0 1982 3230; ppageno 0'>
   <div class='ocr_carea' id='block_1_1' title="bbox 0 0 1734 228">
    <p class='ocr_par' dir='ltr' id='par_1_1' title="bbox 0 0 1734 228">
     <span class='ocr_line' id='line_1_1' title="bbox 0 0 1734 228; baseline 0.005 -97"><span class='ocrx_word' id='word_1_1' title='bbox 0 0 58 228; x_wconf 53' lang='lat' dir='ltr'><strong>F.</strong></span> <span class='ocrx_word' id='word_1_2' title='bbox 100 56 112 91; x_wconf 72' lang='lat'><em>³</em></span> <span class='ocrx_word' id='word_1_3' title='bbox 143 50 154 91; x_wconf 55' lang='lat'><em>3</em></span> <span class='ocrx_word' id='word_1_4' title='bbox 363 0 456 134; x_wconf 30' lang='grc' dir='ltr'><strong>ἐξ</strong></span> <span class='ocrx_word' id='word_1_5' title='bbox 702 91 922 135; x_wconf 72' lang='lat' dir='ltr'><strong>-nimm</strong></span> <span class='ocrx_word' id='word_1_6' title='bbox 951 89 1065 133; x_wconf 75' lang='lat' dir='ltr'><strong>vm</strong></span> <span class='ocrx_word' id='word_1_7' title='bbox 1543 122 1551 127; x_wconf 87' lang='lat'><em>-</em></span> <span class='ocrx_word' id='word_1_8' title='bbox 1625 85 1734 141; x_wconf 84' lang='lat'><strong>319</strong></span> 
     </span>
    </p>
   </div>
   <div class='ocr_carea' id='block_1_2' title="bbox 6 227 1886 1990">
    <p class='ocr_par' dir='ltr' id='par_1_2' title="bbox 6 227 1886 1990">
     <span class='ocr_line' id='line_1_2' title="bbox 116 227 1725 299; baseline -0.002 -15"><span class='ocrx_word' id='word_1_9' title='bbox 116 234 250 284; x_wconf 82' lang='lat' dir='ltr'><strong>uasis</strong></span> <span class='ocrx_word' id='word_1_10' title='bbox 273 234 440 285; x_wconf 77' lang='lat' dir='ltr'><strong>aeneis</strong></span> <span class='ocrx_word' id='word_1_11' title='bbox 466 232 693 285; x_wconf 74' lang='lat' dir='ltr'><strong>fusilibus</strong></span> <span class='ocrx_word' id='word_1_12' title='bbox 724 233 896 299; x_wconf 87' lang='lat' dir='ltr'><strong>positis</strong></span> <span class='ocrx_word' id='word_1_13' title='bbox 923 247 1077 283; x_wconf 90' lang='lat' dir='ltr'><strong>uuum</strong></span> <span class='ocrx_word' id='word_1_14' title='bbox 1105 232 1310 282; x_wconf 77' lang='lat' dir='ltr'><strong>inferius</strong></span> <span class='ocrx_word' id='word_1_15' title='bbox 1334 245 1565 288; x_wconf 86' lang='lat' dir='ltr'><strong>uacuum,</strong></span> <span class='ocrx_word' id='word_1_16' title='bbox 1592 227 1725 280; x_wconf 80' lang='lat' dir='ltr'><strong>aliud</strong></span> 
     </span>
     <span class='ocr_line' id='line_1_3' title="bbox 7 301 1729 370; baseline -0.002 -16"><span class='ocrx_word' id='word_1_17' title='bbox 7 356 15 363; x_wconf 55' lang='grc'>,</span> <span class='ocrx_word' id='word_1_18' title='bbox 116 304 346 370; x_wconf 83' lang='lat' dir='ltr'><strong>superius</strong></span> <span class='ocrx_word' id='word_1_19' title='bbox 370 318 498 369; x_wconf 80' lang='lat' dir='ltr'><strong>aqua</strong></span> <span class='ocrx_word' id='word_1_20' title='bbox 522 302 724 369; x_wconf 88' lang='lat' dir='ltr'><strong>plenum</strong></span> <span class='ocrx_word' id='word_1_21' title='bbox 748 318 895 368; x_wconf 87' lang='lat' dir='ltr'><strong>pone.</strong></span> <span class='ocrx_word' id='word_1_22' title='bbox 932 302 1149 354; x_wconf 86' lang='lat' dir='ltr'><strong>obserua</strong></span> <span class='ocrx_word' id='word_1_23' title='bbox 1175 310 1339 353; x_wconf 86' lang='lat' dir='ltr'><strong>autem</strong></span> <span class='ocrx_word' id='word_1_24' title='bbox 1353 301 1522 351; x_wconf 80' lang='lat' dir='ltr'><strong>Lunae</strong></span> <span class='ocrx_word' id='word_1_25' title='bbox 1547 307 1729 357; x_wconf 88' lang='lat' dir='ltr'><strong>ortum.</strong></span> 
     </span>
     <span class='ocr_line' id='line_1_4' title="bbox 22 373 1733 439; baseline -0.002 -14"><span class='ocrx_word' id='word_1_26' title='bbox 22 410 31 418; x_wconf 32' lang='lat' dir='ltr'><strong>s</strong></span> <span class='ocrx_word' id='word_1_27' title='bbox 118 380 169 425; x_wconf 88' lang='lat' dir='ltr'><strong>et</strong></span> <span class='ocrx_word' id='word_1_28' title='bbox 190 373 383 425; x_wconf 77' lang='lat' dir='ltr'><strong>stellam</strong></span> <span class='ocrx_word' id='word_1_29' title='bbox 408 374 555 424; x_wconf 76' lang='lat' dir='ltr'><strong>fixam</strong></span> <span class='ocrx_word' id='word_1_30' title='bbox 580 373 724 424; x_wconf 84' lang='lat' dir='ltr'><strong>simul</strong></span> <span class='ocrx_word' id='word_1_31' title='bbox 752 388 864 423; x_wconf 90' lang='lat' dir='ltr'><strong>cum</strong></span> <span class='ocrx_word' id='word_1_32' title='bbox 891 388 947 424; x_wconf 88' lang='lat' dir='ltr'><strong>ea</strong></span> <span class='ocrx_word' id='word_1_33' title='bbox 973 374 1232 424; x_wconf 78' lang='lat' dir='ltr'><strong>orientem.</strong></span> <span class='ocrx_word' id='word_1_34' title='bbox 1296 380 1346 422; x_wconf 90' lang='lat' dir='ltr'><strong>et</strong></span> <span class='ocrx_word' id='word_1_35' title='bbox 1371 387 1485 422; x_wconf 91' lang='lat' dir='ltr'><strong>cum</strong></span> <span class='ocrx_word' id='word_1_36' title='bbox 1511 373 1733 439; x_wconf 88' lang='lat' dir='ltr'><strong>coeperit</strong></span> 
     </span>
     <span class='ocr_line' id='line_1_5' title="bbox 116 443 1727 511; baseline 0.001 -16"><span class='ocrx_word' id='word_1_37' title='bbox 116 447 299 511; x_wconf 84' lang='lat' dir='ltr'><strong>corpus</strong></span> <span class='ocrx_word' id='word_1_38' title='bbox 323 443 491 495; x_wconf 80' lang='lat' dir='ltr'><strong>Lunae</strong></span> <span class='ocrx_word' id='word_1_39' title='bbox 525 460 584 494; x_wconf 91' lang='lat' dir='ltr'><strong>ex</strong></span> <span class='ocrx_word' id='word_1_40' title='bbox 611 445 873 509; x_wconf 82' lang='lat' dir='ltr'><strong>superiore</strong></span> <span class='ocrx_word' id='word_1_41' title='bbox 911 450 1050 508; x_wconf 90' lang='lat' dir='ltr'><strong>parte</strong></span> <span class='ocrx_word' id='word_1_42' title='bbox 1084 458 1234 508; x_wconf 87' lang='lat' dir='ltr'><strong>supra</strong></span> <span class='ocrx_word' id='word_1_43' title='bbox 1271 450 1433 492; x_wconf 84' lang='lat' dir='ltr'><strong>terras</strong></span> <span class='ocrx_word' id='word_1_44' title='bbox 1468 457 1727 507; x_wconf 83' lang='lat' dir='ltr'><strong>apparere.</strong></span> 
     </span>
     <span class='ocr_line' id='line_1_6' title="bbox 49 512 1728 580; baseline 0.004 -20"><span class='ocrx_word' id='word_1_45' title='bbox 49 524 75 560; x_wconf 61' lang='grc' dir='ltr'><strong>ὅ</strong></span> <span class='ocrx_word' id='word_1_46' title='bbox 118 515 214 565; x_wconf 92' lang='lat' dir='ltr'><strong>cito</strong></span> <span class='ocrx_word' id='word_1_47' title='bbox 247 516 518 580; x_wconf 88' lang='lat' dir='ltr'><strong>superioris</strong></span> <span class='ocrx_word' id='word_1_48' title='bbox 542 515 675 565; x_wconf 88' lang='lat' dir='ltr'><strong>uasis</strong></span> <span class='ocrx_word' id='word_1_49' title='bbox 709 527 867 579; x_wconf 83' lang='lat' dir='ltr'><strong>aquae</strong></span> <span class='ocrx_word' id='word_1_50' title='bbox 904 512 1133 564; x_wconf 85' lang='lat' dir='ltr'><strong>uidelicet</strong></span> <span class='ocrx_word' id='word_1_51' title='bbox 1168 512 1302 577; x_wconf 86' lang='lat' dir='ltr'><strong>pleni</strong></span> <span class='ocrx_word' id='word_1_52' title='bbox 1339 519 1546 563; x_wconf 78' lang='lat' dir='ltr'><strong>centron</strong></span> <span class='ocrx_word' id='word_1_53' title='bbox 1572 516 1728 580; x_wconf 87' lang='lat' dir='ltr'><strong>aperi.</strong></span> 
     </span>
     <span class='ocr_line' id='line_1_7' title="bbox 118 582 1730 650; baseline -0.001 -15"><span class='ocrx_word' id='word_1_54' title='bbox 118 591 174 635; x_wconf 89' lang='lat' dir='ltr'><strong>ut</strong></span> <span class='ocrx_word' id='word_1_55' title='bbox 196 582 345 635; x_wconf 83' lang='lat' dir='ltr'><strong>simul</strong></span> <span class='ocrx_word' id='word_1_56' title='bbox 370 600 483 636; x_wconf 89' lang='lat' dir='ltr'><strong>cum</strong></span> <span class='ocrx_word' id='word_1_57' title='bbox 508 586 778 650; x_wconf 80' lang='lat' dir='ltr'><strong>incipiente</strong></span> <span class='ocrx_word' id='word_1_58' title='bbox 805 584 943 635; x_wconf 88' lang='lat' dir='ltr'><strong>Luna</strong></span> <span class='ocrx_word' id='word_1_59' title='bbox 970 585 1093 633; x_wconf 90' lang='lat' dir='ltr'><strong>oriri</strong></span> <span class='ocrx_word' id='word_1_60' title='bbox 1118 597 1245 647; x_wconf 84' lang='lat' dir='ltr'><strong>aqua</strong></span> <span class='ocrx_word' id='word_1_61' title='bbox 1271 582 1427 633; x_wconf 85' lang='lat' dir='ltr'><strong>fluere</strong></span> <span class='ocrx_word' id='word_1_62' title='bbox 1463 585 1511 633; x_wconf 90' lang='lat' dir='ltr'><strong>in</strong></span> <span class='ocrx_word' id='word_1_63' title='bbox 1540 599 1627 634; x_wconf 88' lang='lat' dir='ltr'><strong>uas</strong></span> <span class='ocrx_word' id='word_1_64' title='bbox 1653 586 1730 634; x_wconf 83' lang='lat' dir='ltr'><strong>iu·</strong></span> 
     </span>
     <span class='ocr_line' id='line_1_8' title="bbox 115 653 1727 721; baseline -0.001 -16"><span class='ocrx_word' id='word_1_65' title='bbox 115 655 267 707; x_wconf 72' lang='lat' dir='ltr'><strong>terius</strong></span> <span class='ocrx_word' id='word_1_66' title='bbox 292 656 505 721; x_wconf 86' lang='lat' dir='ltr'><strong>incipiat,</strong></span> <span class='ocrx_word' id='word_1_67' title='bbox 532 661 582 705; x_wconf 88' lang='lat' dir='ltr'><strong>et</strong></span> <span class='ocrx_word' id='word_1_68' title='bbox 598 655 758 705; x_wconf 86' lang='lat' dir='ltr'><strong>donec</strong></span> <span class='ocrx_word' id='word_1_69' title='bbox 783 660 941 705; x_wconf 90' lang='lat' dir='ltr'><strong>totum</strong></span> <span class='ocrx_word' id='word_1_70' title='bbox 962 669 1144 719; x_wconf 90' lang='lat' dir='ltr'><strong>corpus</strong></span> <span class='ocrx_word' id='word_1_71' title='bbox 1170 660 1410 719; x_wconf 80' lang='lat' dir='ltr'><strong>appareat</strong></span> <span class='ocrx_word' id='word_1_72' title='bbox 1426 653 1562 703; x_wconf 83' lang='lat' dir='ltr'><strong>fluat.</strong></span> <span class='ocrx_word' id='word_1_73' title='bbox 1613 670 1727 704; x_wconf 84' lang='lat' dir='ltr'><strong>cum</strong></span> 
     </span>
     <span class='ocr_line' id='line_1_9' title="bbox 115 724 1725 791; baseline -0.001 -15"><span class='ocrx_word' id='word_1_74' title='bbox 115 731 277 776; x_wconf 84' lang='lat' dir='ltr'><strong>autem</strong></span> <span class='ocrx_word' id='word_1_75' title='bbox 303 732 404 776; x_wconf 87' lang='lat' dir='ltr'><strong>tota</strong></span> <span class='ocrx_word' id='word_1_76' title='bbox 437 740 586 791; x_wconf 92' lang='lat' dir='ltr'><strong>supra</strong></span> <span class='ocrx_word' id='word_1_77' title='bbox 625 732 785 776; x_wconf 87' lang='lat' dir='ltr'><strong>terras</strong></span> <span class='ocrx_word' id='word_1_78' title='bbox 810 726 1093 791; x_wconf 85' lang='lat' dir='ltr'><strong>apparuerit</strong></span> <span class='ocrx_word' id='word_1_79' title='bbox 1123 724 1283 777; x_wconf 82' lang='lat' dir='ltr'><strong>Luna.</strong></span> <span class='ocrx_word' id='word_1_80' title='bbox 1320 725 1483 774; x_wconf 85' lang='lat' dir='ltr'><strong>statim</strong></span> <span class='ocrx_word' id='word_1_81' title='bbox 1511 725 1725 790; x_wconf 89' lang='lat' dir='ltr'><strong>primum</strong></span> 
     </span>
     <span class='ocr_line' id='line_1_10' title="bbox 114 794 1729 862; baseline -0.002 -15"><span class='ocrx_word' id='word_1_82' title='bbox 114 810 204 847; x_wconf 87' lang='lat' dir='ltr'><strong>uas</strong></span> <span class='ocrx_word' id='word_1_83' title='bbox 227 796 278 845; x_wconf 92' lang='lat' dir='ltr'><strong>in</strong></span> <span class='ocrx_word' id='word_1_84' title='bbox 298 795 432 862; x_wconf 85' lang='lat' dir='ltr'><strong>quod</strong></span> <span class='ocrx_word' id='word_1_85' title='bbox 458 810 587 861; x_wconf 84' lang='lat' dir='ltr'><strong>aqua</strong></span> <span class='ocrx_word' id='word_1_86' title='bbox 604 796 746 846; x_wconf 83' lang='lat' dir='ltr'><strong>fluxit</strong></span> <span class='ocrx_word' id='word_1_87' title='bbox 769 794 1023 852; x_wconf 77' lang='lat' dir='ltr'><strong>subtrahe,</strong></span> <span class='ocrx_word' id='word_1_88' title='bbox 1051 802 1101 846; x_wconf 87' lang='lat' dir='ltr'><strong>et</strong></span> <span class='ocrx_word' id='word_1_89' title='bbox 1120 794 1253 845; x_wconf 87' lang='lat' dir='ltr'><strong>aliud</strong></span> <span class='ocrx_word' id='word_1_90' title='bbox 1280 809 1500 859; x_wconf 85' lang='lat' dir='ltr'><strong>apponas</strong></span> <span class='ocrx_word' id='word_1_91' title='bbox 1526 796 1574 844; x_wconf 91' lang='lat' dir='ltr'><strong>in</strong></span> <span class='ocrx_word' id='word_1_92' title='bbox 1596 795 1729 861; x_wconf 84' lang='lat' dir='ltr'><strong>quod</strong></span> 
     </span>
     <span class='ocr_line' id='line_1_11' title="bbox 9 864 1728 933; baseline 0 -17"><span class='ocrx_word' id='word_1_93' title='bbox 9 884 23 933; x_wconf 59' lang='lat' dir='ltr'><em>J</em></span> <span class='ocrx_word' id='word_1_94' title='bbox 50 878 93 911; x_wconf 82' lang='grc' dir='ltr'><strong>ιο</strong></span> <span class='ocrx_word' id='word_1_95' title='bbox 107 881 239 933; x_wconf 72' lang='lat' dir='ltr'><strong>aqua</strong></span> <span class='ocrx_word' id='word_1_96' title='bbox 264 866 400 924; x_wconf 86' lang='lat' dir='ltr'><strong>fluat,</strong></span> <span class='ocrx_word' id='word_1_97' title='bbox 427 867 588 918; x_wconf 90' lang='lat' dir='ltr'><strong>donec</strong></span> <span class='ocrx_word' id='word_1_98' title='bbox 612 875 757 917; x_wconf 89' lang='lat' dir='ltr'><strong>nocte</strong></span> <span class='ocrx_word' id='word_1_99' title='bbox 783 865 875 916; x_wconf 86' lang='lat' dir='ltr'><strong>alia</strong></span> <span class='ocrx_word' id='word_1_100' title='bbox 902 872 1193 916; x_wconf 83' lang='lat' dir='ltr'><strong>renascatur</strong></span> <span class='ocrx_word' id='word_1_101' title='bbox 1220 864 1301 915; x_wconf 86' lang='lat' dir='ltr'><strong>illa</strong></span> <span class='ocrx_word' id='word_1_102' title='bbox 1329 864 1496 923; x_wconf 83' lang='lat' dir='ltr'><strong>stella,</strong></span> <span class='ocrx_word' id='word_1_103' title='bbox 1524 882 1651 931; x_wconf 88' lang='lat' dir='ltr'><strong>quae</strong></span> <span class='ocrx_word' id='word_1_104' title='bbox 1677 867 1728 916; x_wconf 91' lang='lat' dir='ltr'><strong>in</strong></span> 
     </span>
     <span class='ocr_line' id='line_1_12' title="bbox 7 935 1727 1003; baseline -0.002 -15"><span class='ocrx_word' id='word_1_105' title='bbox 7 935 9 937; x_wconf 73' lang='grc'><strong>’</strong></span> <span class='ocrx_word' id='word_1_106' title='bbox 113 938 284 1003; x_wconf 85' lang='lat' dir='ltr'><strong>priore</strong></span> <span class='ocrx_word' id='word_1_107' title='bbox 319 944 464 988; x_wconf 90' lang='lat' dir='ltr'><strong>nocte</strong></span> <span class='ocrx_word' id='word_1_108' title='bbox 491 953 603 987; x_wconf 91' lang='lat' dir='ltr'><strong>cum</strong></span> <span class='ocrx_word' id='word_1_109' title='bbox 631 938 767 988; x_wconf 82' lang='lat' dir='ltr'><strong>Luna</strong></span> <span class='ocrx_word' id='word_1_110' title='bbox 795 936 1063 993; x_wconf 82' lang='lat' dir='ltr'><strong>oriebatur,</strong></span> <span class='ocrx_word' id='word_1_111' title='bbox 1100 943 1150 986; x_wconf 89' lang='lat' dir='ltr'><strong>et</strong></span> <span class='ocrx_word' id='word_1_112' title='bbox 1173 951 1287 987; x_wconf 90' lang='lat' dir='ltr'><strong>cum</strong></span> <span class='ocrx_word' id='word_1_113' title='bbox 1315 935 1393 986; x_wconf 77' lang='lat' dir='ltr'><strong>iila</strong></span> <span class='ocrx_word' id='word_1_114' title='bbox 1428 944 1537 987; x_wconf 82' lang='lat' dir='ltr'><strong>orta</strong></span> <span class='ocrx_word' id='word_1_115' title='bbox 1566 937 1727 991; x_wconf 75' lang='lat' dir='ltr'><strong>fuerit.</strong></span> 
     </span>
     <span class='ocr_line' id='line_1_13' title="bbox 6 1006 1729 1074; baseline -0.001 -17"><span class='ocrx_word' id='word_1_116' title='bbox 6 1017 30 1070; x_wconf 56' lang='grc' dir='ltr'>ἃ</span> <span class='ocrx_word' id='word_1_117' title='bbox 113 1008 341 1073; x_wconf 86' lang='lat' dir='ltr'><strong>superius</strong></span> <span class='ocrx_word' id='word_1_118' title='bbox 384 1023 473 1059; x_wconf 84' lang='lat' dir='ltr'><strong>uas</strong></span> <span class='ocrx_word' id='word_1_119' title='bbox 506 1008 637 1058; x_wconf 90' lang='lat' dir='ltr'><strong>unde</strong></span> <span class='ocrx_word' id='word_1_120' title='bbox 674 1023 799 1074; x_wconf 81' lang='lat' dir='ltr'><strong>aqua</strong></span> <span class='ocrx_word' id='word_1_121' title='bbox 847 1007 1058 1057; x_wconf 83' lang='lat' dir='ltr'><strong>fluxerat</strong></span> <span class='ocrx_word' id='word_1_122' title='bbox 1092 1006 1250 1056; x_wconf 75' lang='lat' dir='ltr'><strong>tollas,</strong></span> <span class='ocrx_word' id='word_1_123' title='bbox 1324 1007 1504 1058; x_wconf 86' lang='lat' dir='ltr'><strong>deinde</strong></span> <span class='ocrx_word' id='word_1_124' title='bbox 1555 1009 1729 1058; x_wconf 88' lang='lat' dir='ltr'><strong>metire</strong></span> 
     </span>
     <span class='ocr_line' id='line_1_14' title="bbox 113 1077 1729 1144; baseline 0.001 -17"><span class='ocrx_word' id='word_1_125' title='bbox 113 1083 267 1128; x_wconf 88' lang='lat' dir='ltr'><strong>totam</strong></span> <span class='ocrx_word' id='word_1_126' title='bbox 293 1093 498 1143; x_wconf 86' lang='lat' dir='ltr'><strong>aquam,</strong></span> <span class='ocrx_word' id='word_1_127' title='bbox 527 1093 654 1143; x_wconf 88' lang='lat' dir='ltr'><strong>quae</strong></span> <span class='ocrx_word' id='word_1_128' title='bbox 681 1080 730 1127; x_wconf 90' lang='lat' dir='ltr'><strong>iu</strong></span> <span class='ocrx_word' id='word_1_129' title='bbox 756 1079 914 1144; x_wconf 84' lang='lat' dir='ltr'><strong>spatio</strong></span> <span class='ocrx_word' id='word_1_130' title='bbox 942 1077 1118 1128; x_wconf 83' lang='lat' dir='ltr'>XXIIII</span> <span class='ocrx_word' id='word_1_131' title='bbox 1147 1077 1379 1128; x_wconf 87' lang='lat' dir='ltr'><strong>horarum</strong></span> <span class='ocrx_word' id='word_1_132' title='bbox 1408 1078 1640 1135; x_wconf 85' lang='lat' dir='ltr'><strong>fluxerat,</strong></span> <span class='ocrx_word' id='word_1_133' title='bbox 1668 1078 1729 1128; x_wconf 85' lang='lat' dir='ltr'><strong>ad</strong></span> 
     </span>
     <span class='ocr_line' id='line_1_15' title="bbox 115 1147 1727 1215; baseline 0.001 -17"><span class='ocrx_word' id='word_1_134' title='bbox 115 1163 396 1198; x_wconf 89' lang='lat' dir='ltr'><strong>mensuram</strong></span> <span class='ocrx_word' id='word_1_135' title='bbox 435 1147 565 1199; x_wconf 89' lang='lat' dir='ltr'><strong>illam</strong></span> <span class='ocrx_word' id='word_1_136' title='bbox 593 1150 830 1213; x_wconf 84' lang='lat' dir='ltr'><strong>primam,</strong></span> <span class='ocrx_word' id='word_1_137' title='bbox 858 1163 986 1215; x_wconf 85' lang='lat' dir='ltr'><strong>quae</strong></span> <span class='ocrx_word' id='word_1_138' title='bbox 1013 1164 1124 1198; x_wconf 92' lang='lat' dir='ltr'><strong>cum</strong></span> <span class='ocrx_word' id='word_1_139' title='bbox 1153 1163 1367 1212; x_wconf 87' lang='lat' dir='ltr'><strong>corpore</strong></span> <span class='ocrx_word' id='word_1_140' title='bbox 1395 1148 1561 1199; x_wconf 86' lang='lat' dir='ltr'><strong>Lunae</strong></span> <span class='ocrx_word' id='word_1_141' title='bbox 1587 1150 1727 1215; x_wconf 89' lang='lat' dir='ltr'><strong>prius</strong></span> 
     </span>
     <span class='ocr_line' id='line_1_16' title="bbox 49 1219 1729 1284; baseline 0.002 -19"><span class='ocrx_word' id='word_1_142' title='bbox 49 1230 94 1264; x_wconf 74' lang='lat' dir='ltr'><strong>u</strong></span> <span class='ocrx_word' id='word_1_143' title='bbox 116 1219 165 1269; x_wconf 91' lang='lat' dir='ltr'><strong>in</strong></span> <span class='ocrx_word' id='word_1_144' title='bbox 190 1219 406 1284; x_wconf 89' lang='lat' dir='ltr'><strong>primum</strong></span> <span class='ocrx_word' id='word_1_145' title='bbox 432 1234 522 1270; x_wconf 84' lang='lat' dir='ltr'><strong>uas</strong></span> <span class='ocrx_word' id='word_1_146' title='bbox 546 1219 688 1270; x_wconf 84' lang='lat' dir='ltr'><strong>fluxit</strong></span> <span class='ocrx_word' id='word_1_147' title='bbox 711 1226 760 1270; x_wconf 90' lang='lat' dir='ltr'><strong>et</strong></span> <span class='ocrx_word' id='word_1_148' title='bbox 793 1220 1016 1270; x_wconf 87' lang='lat' dir='ltr'><strong>inuenies</strong></span> <span class='ocrx_word' id='word_1_149' title='bbox 1042 1220 1318 1269; x_wconf 84' lang='lat' dir='ltr'><strong>sexcenties</strong></span> <span class='ocrx_word' id='word_1_150' title='bbox 1351 1233 1529 1284; x_wconf 83' lang='lat' dir='ltr'><strong>aquam</strong></span> <span class='ocrx_word' id='word_1_151' title='bbox 1556 1234 1729 1269; x_wconf 79' lang='lat' dir='ltr'><strong>excre-</strong></span> 
     </span>
     <span class='ocr_line' id='line_1_17' title="bbox 114 1287 1731 1355; baseline 0 -15"><span class='ocrx_word' id='word_1_152' title='bbox 114 1304 279 1346; x_wconf 84' lang='lat' dir='ltr'><strong>scere,</strong></span> <span class='ocrx_word' id='word_1_153' title='bbox 305 1289 437 1355; x_wconf 87' lang='lat' dir='ltr'><strong>quod</strong></span> <span class='ocrx_word' id='word_1_154' title='bbox 464 1291 512 1339; x_wconf 90' lang='lat' dir='ltr'><strong>in</strong></span> <span class='ocrx_word' id='word_1_155' title='bbox 542 1289 711 1340; x_wconf 86' lang='lat' dir='ltr'><strong>Lunae</strong></span> <span class='ocrx_word' id='word_1_156' title='bbox 739 1288 928 1339; x_wconf 88' lang='lat' dir='ltr'><strong>circulo</strong></span> <span class='ocrx_word' id='word_1_157' title='bbox 955 1290 1064 1339; x_wconf 84' lang='lat' dir='ltr'><strong>fleri</strong></span> <span class='ocrx_word' id='word_1_158' title='bbox 1092 1304 1189 1338; x_wconf 87' lang='lat' dir='ltr'><strong>non</strong></span> <span class='ocrx_word' id='word_1_159' title='bbox 1217 1287 1421 1339; x_wconf 88' lang='lat' dir='ltr'><strong>dubium</strong></span> <span class='ocrx_word' id='word_1_160' title='bbox 1448 1296 1549 1346; x_wconf 87' lang='lat' dir='ltr'><strong>est,</strong></span> <span class='ocrx_word' id='word_1_161' title='bbox 1579 1290 1627 1339; x_wconf 86' lang='lat' dir='ltr'><strong>id</strong></span> <span class='ocrx_word' id='word_1_162' title='bbox 1654 1298 1731 1340; x_wconf 81' lang='lat' dir='ltr'><strong>est</strong></span> 
     </span>
     <span class='ocr_line' id='line_1_18' title="bbox 114 1359 1886 1426; baseline -0.002 -16"><span class='ocrx_word' id='word_1_163' title='bbox 114 1362 391 1410; x_wconf 81' lang='lat' dir='ltr'><strong>sexcenties</strong></span> <span class='ocrx_word' id='word_1_164' title='bbox 414 1374 655 1426; x_wconf 87' lang='lat' dir='ltr'><strong>superare</strong></span> <span class='ocrx_word' id='word_1_165' title='bbox 690 1360 902 1425; x_wconf 85' lang='lat' dir='ltr'><strong>spatium</strong></span> <span class='ocrx_word' id='word_1_166' title='bbox 939 1360 1168 1425; x_wconf 89' lang='lat' dir='ltr'><strong>corporis</strong></span> <span class='ocrx_word' id='word_1_167' title='bbox 1194 1359 1387 1410; x_wconf 88' lang='lat' dir='ltr'><strong>Lunae:</strong></span> <span class='ocrx_word' id='word_1_168' title='bbox 1424 1359 1563 1411; x_wconf 88' lang='lat' dir='ltr'><strong>uides</strong></span> <span class='ocrx_word' id='word_1_169' title='bbox 1587 1359 1725 1410; x_wconf 88' lang='lat' dir='ltr'><strong>luna-</strong></span> <span class='ocrx_word' id='word_1_170' title='bbox 1751 1365 1886 1407; x_wconf 74' lang='lat'><em>2916</em></span> 
     </span>
     <span class='ocr_line' id='line_1_19' title="bbox 114 1429 1315 1481; baseline 0 -1"><span class='ocrx_word' id='word_1_171' title='bbox 114 1443 220 1480; x_wconf 85' lang='lat' dir='ltr'><strong>rem</strong></span> <span class='ocrx_word' id='word_1_172' title='bbox 246 1429 485 1481; x_wconf 87' lang='lat' dir='ltr'><strong>circulum</strong></span> <span class='ocrx_word' id='word_1_173' title='bbox 513 1431 700 1481; x_wconf 88' lang='lat' dir='ltr'><strong>centies</strong></span> <span class='ocrx_word' id='word_1_174' title='bbox 726 1431 963 1481; x_wconf 88' lang='lat' dir='ltr'><strong>maiorem</strong></span> <span class='ocrx_word' id='word_1_175' title='bbox 990 1445 1098 1480; x_wconf 88' lang='lat' dir='ltr'><strong>esse</strong></span> <span class='ocrx_word' id='word_1_176' title='bbox 1124 1429 1315 1480; x_wconf 82' lang='lat' dir='ltr'><strong>tellure.</strong></span> 
     </span>
     <span class='ocr_line' id='line_1_20' title="bbox 254 1498 1841 1568; baseline -0.003 -17"><span class='ocrx_word' id='word_1_177' title='bbox 254 1498 363 1559; x_wconf 88' lang='lat' dir='ltr'><strong>Quo</strong></span> <span class='ocrx_word' id='word_1_178' title='bbox 388 1507 661 1551; x_wconf 86' lang='lat' dir='ltr'><strong>monstrato</strong></span> <span class='ocrx_word' id='word_1_179' title='bbox 687 1500 808 1551; x_wconf 79' lang='lat' dir='ltr'><strong>alios</strong></span> <span class='ocrx_word' id='word_1_180' title='bbox 835 1500 1047 1551; x_wconf 81' lang='lat' dir='ltr'><strong>circulos</strong></span> <span class='ocrx_word' id='word_1_181' title='bbox 1072 1500 1344 1552; x_wconf 87' lang='lat' dir='ltr'><strong>uideamus.</strong></span> <span class='ocrx_word' id='word_1_182' title='bbox 1394 1500 1479 1550; x_wconf 86' lang='lat' dir='ltr'><strong>sed</strong></span> <span class='ocrx_word' id='word_1_183' title='bbox 1501 1503 1609 1568; x_wconf 87' lang='lat' dir='ltr'><strong>quis</strong></span> <span class='ocrx_word' id='word_1_184' title='bbox 1637 1502 1727 1552; x_wconf 88' lang='lat' dir='ltr'><strong>du-</strong></span> <span class='ocrx_word' id='word_1_185' title='bbox 1760 1508 1841 1548; x_wconf 81' lang='lat'><strong>861</strong></span> 
     </span>
     <span class='ocr_line' id='line_1_21' title="bbox 47 1569 1727 1637; baseline 0.004 -20"><span class='ocrx_word' id='word_1_186' title='bbox 47 1582 95 1617; x_wconf 77' lang='lat' dir='ltr'><strong>ao</strong></span> <span class='ocrx_word' id='word_1_187' title='bbox 115 1569 237 1621; x_wconf 89' lang='lat' dir='ltr'><strong>bitet</strong></span> <span class='ocrx_word' id='word_1_188' title='bbox 261 1570 477 1622; x_wconf 86' lang='lat' dir='ltr'><strong>solarem</strong></span> <span class='ocrx_word' id='word_1_189' title='bbox 504 1570 744 1623; x_wconf 80' lang='lat' dir='ltr'><strong>circulum</strong></span> <span class='ocrx_word' id='word_1_190' title='bbox 771 1572 1035 1623; x_wconf 88' lang='lat' dir='ltr'><strong>duodecies</strong></span> <span class='ocrx_word' id='word_1_191' title='bbox 1061 1587 1207 1637; x_wconf 87' lang='lat' dir='ltr'><strong>quam</strong></span> <span class='ocrx_word' id='word_1_192' title='bbox 1242 1571 1411 1621; x_wconf 82' lang='lat' dir='ltr'><strong>Lunae</strong></span> <span class='ocrx_word' id='word_1_193' title='bbox 1439 1586 1547 1623; x_wconf 86' lang='lat' dir='ltr'><strong>esse</strong></span> <span class='ocrx_word' id='word_1_194' title='bbox 1574 1574 1727 1623; x_wconf 85' lang='lat' dir='ltr'><strong>maio·</strong></span> 
     </span>
     <span class='ocr_line' id='line_1_22' title="bbox 113 1641 1723 1708; baseline 0.001 -17"><span class='ocrx_word' id='word_1_195' title='bbox 113 1655 237 1699; x_wconf 84' lang='lat' dir='ltr'><strong>rem,</strong></span> <span class='ocrx_word' id='word_1_196' title='bbox 264 1656 377 1691; x_wconf 92' lang='lat' dir='ltr'><strong>cum</strong></span> <span class='ocrx_word' id='word_1_197' title='bbox 402 1641 533 1708; x_wconf 89' lang='lat' dir='ltr'><strong>quod</strong></span> <span class='ocrx_word' id='word_1_198' title='bbox 560 1641 639 1693; x_wconf 86' lang='lat' dir='ltr'><strong>illa</strong></span> <span class='ocrx_word' id='word_1_199' title='bbox 674 1657 868 1700; x_wconf 89' lang='lat' dir='ltr'><strong>mense,</strong></span> <span class='ocrx_word' id='word_1_200' title='bbox 904 1641 986 1692; x_wconf 87' lang='lat' dir='ltr'><strong>iIIe</strong></span> <span class='ocrx_word' id='word_1_201' title='bbox 1012 1642 1275 1692; x_wconf 87' lang='lat' dir='ltr'><strong>duodecim</strong></span> <span class='ocrx_word' id='word_1_202' title='bbox 1302 1643 1500 1692; x_wconf 73' lang='lat' dir='ltr'><strong>currat?</strong></span> <span class='ocrx_word' id='word_1_203' title='bbox 1549 1642 1723 1693; x_wconf 76' lang='lat' dir='ltr'><strong>Martis</strong></span> 
     </span>
     <span class='ocr_line' id='line_1_23' title="bbox 113 1711 1726 1779; baseline 0 -18"><span class='ocrx_word' id='word_1_204' title='bbox 113 1726 235 1762; x_wconf 87' lang='lat' dir='ltr'><strong>uero</strong></span> <span class='ocrx_word' id='word_1_205' title='bbox 260 1711 477 1763; x_wconf 80' lang='lat' dir='ltr'><strong>circulus</strong></span> <span class='ocrx_word' id='word_1_206' title='bbox 503 1713 656 1764; x_wconf 86' lang='lat' dir='ltr'><strong>uicies</strong></span> <span class='ocrx_word' id='word_1_207' title='bbox 681 1719 856 1779; x_wconf 87' lang='lat' dir='ltr'><strong>quater</strong></span> <span class='ocrx_word' id='word_1_208' title='bbox 882 1714 1046 1779; x_wconf 89' lang='lat' dir='ltr'><strong>potior</strong></span> <span class='ocrx_word' id='word_1_209' title='bbox 1072 1714 1349 1770; x_wconf 84' lang='lat' dir='ltr'><strong>inuenitur,</strong></span> <span class='ocrx_word' id='word_1_210' title='bbox 1379 1712 1508 1763; x_wconf 84' lang='lat' dir='ltr'><strong>Iouis</strong></span> <span class='ocrx_word' id='word_1_211' title='bbox 1535 1715 1726 1764; x_wconf 86' lang='lat' dir='ltr'><strong>centies</strong></span> 
     </span>
     <span class='ocr_line' id='line_1_24' title="bbox 116 1782 1724 1849; baseline 0.001 -17"><span class='ocrx_word' id='word_1_212' title='bbox 116 1787 166 1832; x_wconf 88' lang='lat' dir='ltr'><strong>et</strong></span> <span class='ocrx_word' id='word_1_213' title='bbox 188 1782 489 1847; x_wconf 82' lang='lat' dir='ltr'><strong>quadragies</strong></span> <span class='ocrx_word' id='word_1_214' title='bbox 522 1790 713 1849; x_wconf 84' lang='lat' dir='ltr'><strong>quater,</strong></span> <span class='ocrx_word' id='word_1_215' title='bbox 741 1785 942 1834; x_wconf 89' lang='lat' dir='ltr'><strong>Saturni</strong></span> <span class='ocrx_word' id='word_1_216' title='bbox 978 1784 1242 1834; x_wconf 83' lang='lat' dir='ltr'><strong>trecenties</strong></span> <span class='ocrx_word' id='word_1_217' title='bbox 1268 1784 1435 1833; x_wconf 86' lang='lat' dir='ltr'><strong>tricies</strong></span> <span class='ocrx_word' id='word_1_218' title='bbox 1459 1790 1510 1834; x_wconf 89' lang='lat' dir='ltr'><strong>et</strong></span> <span class='ocrx_word' id='word_1_219' title='bbox 1547 1786 1724 1835; x_wconf 78' lang='lat' dir='ltr'><strong>sexies.</strong></span> 
     </span>
     <span class='ocr_line' id='line_1_25' title="bbox 114 1852 1726 1918; baseline 0.002 -17"><span class='ocrx_word' id='word_1_220' title='bbox 114 1852 247 1902; x_wconf 87' lang='lat' dir='ltr'><strong>unde</strong></span> <span class='ocrx_word' id='word_1_221' title='bbox 271 1854 314 1904; x_wconf 91' lang='lat' dir='ltr'><strong>si</strong></span> <span class='ocrx_word' id='word_1_222' title='bbox 342 1868 580 1904; x_wconf 86' lang='lat' dir='ltr'><strong>muuerus</strong></span> <span class='ocrx_word' id='word_1_223' title='bbox 605 1853 1032 1904; x_wconf 85' lang='lat' dir='ltr'><strong>interiectionibus</strong></span> <span class='ocrx_word' id='word_1_224' title='bbox 1057 1860 1372 1918; x_wconf 86' lang='lat' dir='ltr'><strong>supputetur,</strong></span> <span class='ocrx_word' id='word_1_225' title='bbox 1401 1860 1450 1904; x_wconf 90' lang='lat' dir='ltr'><strong>et</strong></span> <span class='ocrx_word' id='word_1_226' title='bbox 1476 1860 1600 1918; x_wconf 82' lang='lat' dir='ltr'><strong>quot</strong></span> <span class='ocrx_word' id='word_1_227' title='bbox 1623 1862 1726 1906; x_wconf 84' lang='lat' dir='ltr'><strong>sta-</strong></span> 
     </span>
     <span class='ocr_line' id='line_1_26' title="bbox 48 1922 1729 1990; baseline 0.005 -22"><span class='ocrx_word' id='word_1_228' title='bbox 48 1934 95 1968; x_wconf 63' lang='grc' dir='ltr'><strong>ιο</strong></span> <span class='ocrx_word' id='word_1_229' title='bbox 118 1922 196 1972; x_wconf 88' lang='lat' dir='ltr'><strong>dia</strong></span> <span class='ocrx_word' id='word_1_230' title='bbox 241 1923 438 1974; x_wconf 83' lang='lat' dir='ltr'><strong>Saturni</strong></span> <span class='ocrx_word' id='word_1_231' title='bbox 473 1922 688 1975; x_wconf 90' lang='lat' dir='ltr'><strong>circulus</strong></span> <span class='ocrx_word' id='word_1_232' title='bbox 723 1923 927 1981; x_wconf 86' lang='lat' dir='ltr'><strong>habeat,</strong></span> <span class='ocrx_word' id='word_1_233' title='bbox 967 1932 1017 1975; x_wconf 88' lang='lat' dir='ltr'><strong>et</strong></span> <span class='ocrx_word' id='word_1_234' title='bbox 1041 1930 1188 1990; x_wconf 84' lang='lat' dir='ltr'><strong>quota</strong></span> <span class='ocrx_word' id='word_1_235' title='bbox 1226 1924 1331 1974; x_wconf 85' lang='lat' dir='ltr'><strong>eius</strong></span> <span class='ocrx_word' id='word_1_236' title='bbox 1366 1926 1531 1989; x_wconf 86' lang='lat' dir='ltr'><strong>portio</strong></span> <span class='ocrx_word' id='word_1_237' title='bbox 1568 1927 1729 1976; x_wconf 88' lang='lat' dir='ltr'><strong>omnis</strong></span> 
     </span>
    </p>
   </div>
   <div class='ocr_carea' id='block_1_3' title="bbox 181 2051 435 2057">
    <p class='ocr_par' dir='ltr' id='par_1_3' title="bbox 181 2051 435 2057">
     <span class='ocr_line' id='line_1_27' title="bbox 181 2051 435 2057; baseline 0 0"><span class='ocrx_word' id='word_1_238' title='bbox 181 2051 435 2057; x_wconf 95' lang='lat' dir='ltr'><strong> </strong></span> 
     </span>
    </p>
   </div>
   <div class='ocr_carea' id='block_1_4' title="bbox 113 2120 1729 2906">
    <p class='ocr_par' dir='ltr' id='par_1_4' title="bbox 113 2120 1729 2906">
     <span class='ocr_line' id='line_1_28' title="bbox 114 2120 1728 2176; baseline 0.002 -16"><span class='ocrx_word' id='word_1_239' title='bbox 114 2120 316 2163; x_wconf 61' lang='lat' dir='ltr'><strong>uambae</strong></span> <span class='ocrx_word' id='word_1_240' title='bbox 354 2133 376 2161; x_wconf 89' lang='lat' dir='ltr'><strong>s</strong></span> <span class='ocrx_word' id='word_1_241' title='bbox 406 2134 522 2163; x_wconf 74' lang='lat' dir='ltr'><strong>corr.</strong></span> <span class='ocrx_word' id='word_1_242' title='bbox 554 2122 596 2161; x_wconf 79' lang='grc' dir='ltr'><strong>ὺι</strong></span> <span class='ocrx_word' id='word_1_243' title='bbox 627 2134 657 2161; x_wconf 89' lang='lat' dir='ltr'><strong>n</strong></span> <span class='ocrx_word' id='word_1_244' title='bbox 703 2121 747 2173; x_wconf 84' lang='lat' dir='ltr'><strong>b)</strong></span> <span class='ocrx_word' id='word_1_245' title='bbox 806 2122 930 2163; x_wconf 89' lang='lat' dir='ltr'><strong>omni</strong></span> <span class='ocrx_word' id='word_1_246' title='bbox 970 2121 1221 2163; x_wconf 68' lang='lat' dir='ltr'><strong>subtrahas</strong></span> <span class='ocrx_word' id='word_1_247' title='bbox 1268 2122 1465 2176; x_wconf 83' lang='lat' dir='ltr'><strong>primum</strong></span> <span class='ocrx_word' id='word_1_248' title='bbox 1503 2126 1550 2164; x_wconf 82' lang='lat' dir='ltr'><strong>et</strong></span> <span class='ocrx_word' id='word_1_249' title='bbox 1600 2123 1728 2165; x_wconf 66' lang='lat' dir='ltr'><strong>aliud</strong></span> 
     </span>
     <span class='ocr_line' id='line_1_29' title="bbox 114 2175 1727 2232; baseline 0.003 -15"><span class='ocrx_word' id='word_1_250' title='bbox 114 2188 199 2218; x_wconf 65' lang='lat' dir='ltr'><strong>uas</strong></span> <span class='ocrx_word' id='word_1_251' title='bbox 230 2188 258 2218; x_wconf 67' lang='lat' dir='ltr'><strong>a</strong></span> <span class='ocrx_word' id='word_1_252' title='bbox 291 2188 438 2231; x_wconf 69' lang='lat' dir='ltr'><strong>ponus</strong></span> <span class='ocrx_word' id='word_1_253' title='bbox 468 2175 604 2229; x_wconf 78' lang='lat' dir='ltr'><strong>(corr.</strong></span> <span class='ocrx_word' id='word_1_254' title='bbox 628 2190 687 2219; x_wconf 67' lang='lat' dir='ltr'><strong>ea:</strong></span> <span class='ocrx_word' id='word_1_255' title='bbox 717 2190 924 2232; x_wconf 70' lang='lat' dir='ltr'><strong>opponas</strong></span> <span class='ocrx_word' id='word_1_256' title='bbox 944 2177 1003 2230; x_wconf 91' lang='lat' dir='ltr'><strong>B)</strong></span> <span class='ocrx_word' id='word_1_257' title='bbox 1033 2178 1180 2220; x_wconf 87' lang='lat' dir='ltr'><strong>donec</strong></span> <span class='ocrx_word' id='word_1_258' title='bbox 1211 2181 1347 2220; x_wconf 80' lang='lat' dir='ltr'><strong>nocte</strong></span> <span class='ocrx_word' id='word_1_259' title='bbox 1381 2179 1478 2220; x_wconf 70' lang='lat' dir='ltr'><strong>alia</strong></span> <span class='ocrx_word' id='word_1_260' title='bbox 1507 2192 1727 2222; x_wconf 72' lang='lat' dir='ltr'><strong>renasca-</strong></span> 
     </span>
     <span class='ocr_line' id='line_1_30' title="bbox 113 2232 1729 2290; baseline 0.004 -17"><span class='ocrx_word' id='word_1_261' title='bbox 113 2236 189 2274; x_wconf 80' lang='lat' dir='ltr'><strong>tur</strong></span> <span class='ocrx_word' id='word_1_262' title='bbox 225 2245 253 2274; x_wconf 67' lang='grc' dir='ltr'>ι</span> <span class='ocrx_word' id='word_1_263' title='bbox 285 2233 409 2275; x_wconf 74' lang='lat' dir='ltr'><strong>iecto</strong></span> <span class='ocrx_word' id='word_1_264' title='bbox 448 2232 507 2274; x_wconf 75' lang='lat' dir='ltr'><strong>ad</strong></span> <span class='ocrx_word' id='word_1_265' title='bbox 545 2234 709 2275; x_wconf 85' lang='lat' dir='ltr'><strong>circuli</strong></span> <span class='ocrx_word' id='word_1_266' title='bbox 746 2235 904 2289; x_wconf 72' lang='lat' dir='ltr'><strong>spatia</strong></span> <span class='ocrx_word' id='word_1_267' title='bbox 941 2234 978 2276; x_wconf 64' lang='grc' dir='ltr'>ἃ</span> <span class='ocrx_word' id='word_1_268' title='bbox 1018 2235 1138 2288; x_wconf 89' lang='lat' dir='ltr'><strong>quod</strong></span> <span class='ocrx_word' id='word_1_269' title='bbox 1179 2235 1382 2277; x_wconf 77' lang='lat' dir='ltr'><strong>excurrit</strong></span> <span class='ocrx_word' id='word_1_270' title='bbox 1428 2236 1642 2290; x_wconf 69' lang='lat' dir='ltr'><strong>partibus</strong></span> <span class='ocrx_word' id='word_1_271' title='bbox 1682 2242 1729 2279; x_wconf 82' lang='lat' dir='ltr'><strong>et</strong></span> 
     </span>
     <span class='ocr_line' id='line_1_31' title="bbox 115 2286 1729 2346; baseline 0.002 -16"><span class='ocrx_word' id='word_1_272' title='bbox 115 2286 183 2340; x_wconf 72' lang='lat' dir='ltr'><strong>(et</strong></span> <span class='ocrx_word' id='word_1_273' title='bbox 211 2290 255 2330; x_wconf 72' lang='lat' dir='ltr'><strong>in</strong></span> <span class='ocrx_word' id='word_1_274' title='bbox 282 2301 373 2331; x_wconf 71' lang='lat' dir='ltr'><strong>ras.</strong></span> <span class='ocrx_word' id='word_1_275' title='bbox 394 2292 439 2331; x_wconf 76' lang='lat' dir='ltr'><strong>in</strong></span> <span class='ocrx_word' id='word_1_276' title='bbox 459 2288 520 2342; x_wconf 89' lang='lat' dir='ltr'><strong>B)</strong></span> <span class='ocrx_word' id='word_1_277' title='bbox 548 2289 649 2344; x_wconf 80' lang='lat' dir='ltr'><strong>ipso</strong></span> <span class='ocrx_word' id='word_1_278' title='bbox 686 2291 799 2332; x_wconf 80' lang='lat' dir='ltr'><strong>item</strong></span> <span class='ocrx_word' id='word_1_279' title='bbox 829 2290 968 2333; x_wconf 66' lang='lat' dir='ltr'><strong>lunae</strong></span> <span class='ocrx_word' id='word_1_280' title='bbox 1011 2304 1202 2345; x_wconf 83' lang='lat' dir='ltr'><strong>corpore</strong></span> <span class='ocrx_word' id='word_1_281' title='bbox 1236 2292 1310 2346; x_wconf 66' lang='lat' dir='ltr'><strong>{fr—n</strong></span> <span class='ocrx_word' id='word_1_282' title='bbox 1348 2291 1405 2332; x_wconf 83' lang='lat' dir='ltr'><strong>de</strong></span> <span class='ocrx_word' id='word_1_283' title='bbox 1437 2292 1611 2334; x_wconf 79' lang='lat' dir='ltr'><strong>circulo</strong></span> <span class='ocrx_word' id='word_1_284' title='bbox 1642 2292 1729 2335; x_wconf 84' lang='lat' dir='ltr'><strong>hoe</strong></span> 
     </span>
     <span class='ocr_line' id='line_1_32' title="bbox 115 2344 1726 2399; baseline 0.002 -13"><span class='ocrx_word' id='word_1_285' title='bbox 115 2356 296 2399; x_wconf 80' lang='lat' dir='ltr'><strong>qnoque</strong></span> <span class='ocrx_word' id='word_1_286' title='bbox 326 2346 383 2387; x_wconf 75' lang='lat' dir='ltr'><strong>e—e</strong></span> <span class='ocrx_word' id='word_1_287' title='bbox 411 2357 503 2387; x_wconf 87' lang='lat' dir='ltr'><strong>non</strong></span> <span class='ocrx_word' id='word_1_288' title='bbox 533 2344 719 2387; x_wconf 87' lang='lat' dir='ltr'><strong>dubium</strong></span> <span class='ocrx_word' id='word_1_289' title='bbox 742 2351 815 2388; x_wconf 83' lang='lat' dir='ltr'><strong>est</strong></span> <span class='ocrx_word' id='word_1_290' title='bbox 835 2347 1046 2389; x_wconf 86' lang='lat' dir='ltr'><strong>inuenies</strong></span> <span class='ocrx_word' id='word_1_291' title='bbox 1069 2350 1333 2390; x_wconf 79' lang='lat' dir='ltr'><strong>sexcenties</strong></span> <span class='ocrx_word' id='word_1_292' title='bbox 1354 2346 1629 2399; x_wconf 79' lang='lat' dir='ltr'><strong>(sescenties</strong></span> <span class='ocrx_word' id='word_1_293' title='bbox 1646 2349 1726 2398; x_wconf 68' lang='lat'><strong>13¹)</strong></span> 
     </span>
     <span class='ocr_line' id='line_1_33' title="bbox 115 2402 1729 2514; baseline 0.004 -17"><span class='ocrx_word' id='word_1_294' title='bbox 115 2412 605 2507; x_wconf 53' lang='grc' dir='ltr'><strong>ἓὲἶῖῗὶἴῗέἲέἰῧῖἑ</strong></span> <span class='ocrx_word' id='word_1_295' title='bbox 631 2402 1729 2514; x_wconf 53' lang='grc' dir='ltr'><strong>’ἃῗᾱὲῑέἕιῖἱξὲό,(“ιῖἶῗ“ᾦὲοὲἑὲ““ι&gt;οῒῑᾱξέ</strong></span> 
     </span>
     <span class='ocr_line' id='line_1_34' title="bbox 115 2512 1727 2568; baseline 0.002 -14"><span class='ocrx_word' id='word_1_296' title='bbox 115 2512 324 2555; x_wconf 58' lang='lat' dir='ltr'><strong>lunarem</strong></span> <span class='ocrx_word' id='word_1_297' title='bbox 355 2512 578 2554; x_wconf 82' lang='lat' dir='ltr'><strong>circulum</strong></span> <span class='ocrx_word' id='word_1_298' title='bbox 609 2515 788 2557; x_wconf 77' lang='lat' dir='ltr'><strong>centies</strong></span> <span class='ocrx_word' id='word_1_299' title='bbox 820 2514 1038 2557; x_wconf 66' lang='lat' dir='ltr'><strong>maiorem</strong></span> <span class='ocrx_word' id='word_1_300' title='bbox 1067 2528 1172 2558; x_wconf 74' lang='lat' dir='ltr'><strong>esse</strong></span> <span class='ocrx_word' id='word_1_301' title='bbox 1193 2516 1361 2558; x_wconf 79' lang='lat' dir='ltr'><strong>tellure</strong></span> <span class='ocrx_word' id='word_1_302' title='bbox 1413 2515 1625 2558; x_wconf 83' lang='lat' dir='ltr'><strong>tellurem</strong></span> <span class='ocrx_word' id='word_1_303' title='bbox 1648 2517 1727 2568; x_wconf 75' lang='lat'><strong>8¹)</strong></span> 
     </span>
     <span class='ocr_line' id='line_1_35' title="bbox 116 2566 1711 2629; baseline 0.003 -19"><span class='ocrx_word' id='word_1_304' title='bbox 116 2580 207 2622; x_wconf 83' lang='lat' dir='ltr'><strong>quo</strong></span> <span class='ocrx_word' id='word_1_305' title='bbox 235 2574 491 2612; x_wconf 74' lang='lat' dir='ltr'><strong>monstrato</strong></span> <span class='ocrx_word' id='word_1_306' title='bbox 522 2569 604 2611; x_wconf 99' lang='lat' dir='ltr'><strong>BR</strong></span> <span class='ocrx_word' id='word_1_307' title='bbox 649 2566 670 2625; x_wconf 83' lang='grc' dir='ltr'><strong>ΙΙ</strong></span> <span class='ocrx_word' id='word_1_308' title='bbox 716 2572 744 2613; x_wconf 79' lang='grc'><strong>6</strong></span> <span class='ocrx_word' id='word_1_309' title='bbox 772 2570 896 2613; x_wconf 75' lang='lat' dir='ltr'><strong>infer</strong></span> <span class='ocrx_word' id='word_1_310' title='bbox 923 2570 999 2612; x_wconf 80' lang='lat' dir='ltr'><strong>B-</strong></span> <span class='ocrx_word' id='word_1_311' title='bbox 1051 2568 1073 2626; x_wconf 87' lang='grc' dir='ltr'><strong>ΙΙ</strong></span> <span class='ocrx_word' id='word_1_312' title='bbox 1118 2574 1143 2614; x_wconf 84' lang='grc'><strong>7</strong></span> <span class='ocrx_word' id='word_1_313' title='bbox 1180 2585 1259 2615; x_wconf 85' lang='lat' dir='ltr'><strong>cor</strong></span> <span class='ocrx_word' id='word_1_314' title='bbox 1287 2572 1362 2614; x_wconf 83' lang='lat' dir='ltr'><strong>B-</strong></span> <span class='ocrx_word' id='word_1_315' title='bbox 1417 2568 1426 2626; x_wconf 82' lang='grc'>1</span> <span class='ocrx_word' id='word_1_316' title='bbox 1471 2576 1570 2615; x_wconf 78' lang='lat' dir='ltr'><strong>toto</strong></span> <span class='ocrx_word' id='word_1_317' title='bbox 1590 2573 1666 2614; x_wconf 77' lang='lat' dir='ltr'><strong>B-</strong></span> <span class='ocrx_word' id='word_1_318' title='bbox 1690 2571 1711 2629; x_wconf 81' lang='grc' dir='ltr'><strong>ΙΙ</strong></span> 
     </span>
     <span class='ocr_line' id='line_1_36' title="bbox 116 2623 1728 2684; baseline 0.005 -18"><span class='ocrx_word' id='word_1_319' title='bbox 116 2626 144 2667; x_wconf 80' lang='grc'>9</span> <span class='ocrx_word' id='word_1_320' title='bbox 173 2625 395 2667; x_wconf 68' lang='lat' dir='ltr'><strong>subtrahe</strong></span> <span class='ocrx_word' id='word_1_321' title='bbox 424 2627 583 2679; x_wconf 58' lang='lat' dir='ltr'><strong>scripsi</strong></span> <span class='ocrx_word' id='word_1_322' title='bbox 618 2626 833 2667; x_wconf 68' lang='lat' dir='ltr'><strong>subtrahi</strong></span> <span class='ocrx_word' id='word_1_323' title='bbox 852 2626 929 2667; x_wconf 77' lang='lat' dir='ltr'><strong>B·-</strong></span> <span class='ocrx_word' id='word_1_324' title='bbox 955 2623 980 2683; x_wconf 81' lang='grc' dir='ltr'><strong>[Ῐ</strong></span> <span class='ocrx_word' id='word_1_325' title='bbox 1018 2629 1071 2669; x_wconf 73' lang='grc'><strong>12</strong></span> <span class='ocrx_word' id='word_1_326' title='bbox 1099 2640 1185 2669; x_wconf 75' lang='lat' dir='ltr'><strong>uas</strong></span> <span class='ocrx_word' id='word_1_327' title='bbox 1216 2630 1259 2671; x_wconf 72' lang='lat' dir='ltr'><strong>in</strong></span> <span class='ocrx_word' id='word_1_328' title='bbox 1278 2634 1451 2671; x_wconf 75' lang='lat' dir='ltr'><strong>resecta</strong></span> <span class='ocrx_word' id='word_1_329' title='bbox 1472 2630 1573 2681; x_wconf 71' lang='grc' dir='ltr'><strong>1δὶιῖ</strong></span> <span class='ocrx_word' id='word_1_330' title='bbox 1596 2636 1728 2684; x_wconf 65' lang='lat' dir='ltr'><strong>parte</strong></span> 
     </span>
     <span class='ocr_line' id='line_1_37' title="bbox 116 2678 1727 2739; baseline 0.005 -17"><span class='ocrx_word' id='word_1_331' title='bbox 116 2681 335 2735; x_wconf 60' lang='lat' dir='ltr'><strong>leychent·</strong></span> <span class='ocrx_word' id='word_1_332' title='bbox 370 2678 391 2737; x_wconf 87' lang='grc' dir='ltr'><strong>ΙΙ</strong></span> <span class='ocrx_word' id='word_1_333' title='bbox 432 2683 484 2724; x_wconf 83' lang='grc'><strong>13</strong></span> <span class='ocrx_word' id='word_1_334' title='bbox 515 2686 562 2724; x_wconf 86' lang='lat' dir='ltr'><strong>to</strong></span> <span class='ocrx_word' id='word_1_335' title='bbox 583 2681 658 2722; x_wconf 78' lang='lat' dir='ltr'><strong>B·-</strong></span> <span class='ocrx_word' id='word_1_336' title='bbox 689 2678 711 2737; x_wconf 82' lang='grc' dir='ltr'><strong>ΙΙ</strong></span> <span class='ocrx_word' id='word_1_337' title='bbox 743 2683 874 2724; x_wconf 82' lang='lat' dir='ltr'>XXII</span> <span class='ocrx_word' id='word_1_338' title='bbox 895 2682 1003 2735; x_wconf 69' lang='lat' dir='ltr'><strong>(alia</strong></span> <span class='ocrx_word' id='word_1_339' title='bbox 1022 2683 1211 2734; x_wconf 74' lang='lat' dir='ltr'><strong>resecta)</strong></span> <span class='ocrx_word' id='word_1_340' title='bbox 1231 2684 1307 2725; x_wconf 76' lang='lat' dir='ltr'><strong>B-</strong></span> <span class='ocrx_word' id='word_1_341' title='bbox 1335 2683 1356 2739; x_wconf 77' lang='grc'><strong>11</strong></span> <span class='ocrx_word' id='word_1_342' title='bbox 1384 2686 1438 2726; x_wconf 73' lang='lat'><strong>21</strong></span> <span class='ocrx_word' id='word_1_343' title='bbox 1468 2685 1601 2727; x_wconf 64' lang='lat' dir='ltr'><strong>illum</strong></span> <span class='ocrx_word' id='word_1_344' title='bbox 1622 2700 1727 2730; x_wconf 74' lang='lat' dir='ltr'><strong>esse</strong></span> 
     </span>
     <span class='ocr_line' id='line_1_38' title="bbox 118 2733 1711 2797; baseline 0.004 -19"><span class='ocrx_word' id='word_1_345' title='bbox 118 2736 157 2778; x_wconf 92' lang='lat' dir='ltr'><em>R</em></span> <span class='ocrx_word' id='word_1_346' title='bbox 191 2733 213 2792; x_wconf 83' lang='grc' dir='ltr'><strong>ΙΙ</strong></span> <span class='ocrx_word' id='word_1_347' title='bbox 250 2739 305 2779; x_wconf 67' lang='lat'><strong>88</strong></span> <span class='ocrx_word' id='word_1_348' title='bbox 334 2739 487 2793; x_wconf 79' lang='lat' dir='ltr'><strong>potius</strong></span> <span class='ocrx_word' id='word_1_349' title='bbox 508 2738 608 2780; x_wconf 85' lang='lat' dir='ltr'><strong>B¹R</strong></span> <span class='ocrx_word' id='word_1_350' title='bbox 645 2735 666 2793; x_wconf 73' lang='lat' dir='ltr'>ss</span> <span class='ocrx_word' id='word_1_351' title='bbox 703 2741 758 2781; x_wconf 71' lang='lat'><strong>23</strong></span> <span class='ocrx_word' id='word_1_352' title='bbox 780 2739 1040 2794; x_wconf 67' lang='lat' dir='ltr'><strong>quadrages</strong></span> <span class='ocrx_word' id='word_1_353' title='bbox 1060 2739 1168 2782; x_wconf 86' lang='lat' dir='ltr'><strong>B¹R</strong></span> <span class='ocrx_word' id='word_1_354' title='bbox 1187 2739 1209 2795; x_wconf 87' lang='grc' dir='ltr'><strong>ΙΙ</strong></span> <span class='ocrx_word' id='word_1_355' title='bbox 1246 2740 1495 2784; x_wconf 75' lang='lat' dir='ltr'>CCCXXK</span> <span class='ocrx_word' id='word_1_356' title='bbox 1516 2746 1563 2784; x_wconf 83' lang='lat' dir='ltr'><strong>et</strong></span> <span class='ocrx_word' id='word_1_357' title='bbox 1583 2742 1665 2786; x_wconf 94' lang='lat' dir='ltr'><strong>BR</strong></span> <span class='ocrx_word' id='word_1_358' title='bbox 1689 2740 1711 2797; x_wconf 85' lang='grc' dir='ltr'><strong>ΙΙ</strong></span> 
     </span>
     <span class='ocr_line' id='line_1_39' title="bbox 118 2790 1729 2849; baseline 0.004 -14"><span class='ocrx_word' id='word_1_359' title='bbox 118 2794 291 2837; x_wconf 69' lang='lat' dir='ltr'><strong>sexties</strong></span> <span class='ocrx_word' id='word_1_360' title='bbox 319 2795 372 2835; x_wconf 83' lang='lat' dir='ltr'><strong>B·</strong></span> <span class='ocrx_word' id='word_1_361' title='bbox 420 2790 443 2849; x_wconf 80' lang='lat' dir='ltr'>ss</span> <span class='ocrx_word' id='word_1_362' title='bbox 490 2796 547 2836; x_wconf 73' lang='lat'><strong>24</strong></span> <span class='ocrx_word' id='word_1_363' title='bbox 578 2795 979 2837; x_wconf 80' lang='lat' dir='ltr'><strong>interiectionibus</strong></span> <span class='ocrx_word' id='word_1_364' title='bbox 1011 2796 1537 2841; x_wconf 70' lang='lat' dir='ltr'><strong>Eeeenleefmuenseerensss</strong></span> <span class='ocrx_word' id='word_1_365' title='bbox 1575 2800 1729 2843; x_wconf 77' lang='lat' dir='ltr'><strong>inten-</strong></span> 
     </span>
     <span class='ocr_line' id='line_1_40' title="bbox 120 2847 820 2906; baseline 0.006 -17"><span class='ocrx_word' id='word_1_366' title='bbox 120 2848 324 2892; x_wconf 80' lang='lat' dir='ltr'><strong>tionibus</strong></span> <span class='ocrx_word' id='word_1_367' title='bbox 343 2849 425 2892; x_wconf 89' lang='lat' dir='ltr'><strong>BR</strong></span> <span class='ocrx_word' id='word_1_368' title='bbox 460 2847 482 2906; x_wconf 86' lang='grc' dir='ltr'><strong>ΙΙ</strong></span> <span class='ocrx_word' id='word_1_369' title='bbox 520 2851 639 2905; x_wconf 84' lang='lat' dir='ltr'><strong>quod</strong></span> <span class='ocrx_word' id='word_1_370' title='bbox 665 2850 763 2893; x_wconf 90' lang='lat' dir='ltr'><strong>B¹R</strong></span> <span class='ocrx_word' id='word_1_371' title='bbox 799 2849 820 2906; x_wconf 78' lang='lat' dir='ltr'>ss</span> 
     </span>
    </p>
   </div>
  </div>
 </body>
</html>
