1982 3230
299 151 404 204 386
923 149 1190 191 SOHOLIA
1218 151 1284 192 IN

300 293 396 342 lam
426 292 546 342 Chio
584 294 635 339 in
673 296 837 339 monte
871 289 1103 340 Pelinaeo
1142 298 1305 340 ortum
1342 291 1594 343 uoluntate
1629 300 1776 357 atque
1829 309 1925 358 ope

299 363 496 412 Dianae.
536 375 650 409 nam
673 360 887 424 quodam
916 366 1141 426 tempore
1167 367 1409 411 memorat
1435 364 1476 411 is
1502 362 1668 413 Iouem
1697 379 1809 414 cum
1842 379 1924 414 ce·
1966 386 1971 389 Α

299 435 421 481 teris
473 429 821 480 inmortalibus
873 431 1004 494 apud
1047 431 1277 480 Nisaeum
1329 446 1498 495 regem
1546 433 1913 483 Bisthoniorum

299 503 514 566 hospitio
553 499 727 564 dapsili
776 501 1079 564 copiosoque
1116 501 1333 551 adfectos
1377 501 1632 569 [praediti]
1670 503 1915 554 hilaritate

302 573 578 621 constitisse
615 572 663 620 in
692 586 791 620 uno
818 570 927 620 loco
957 579 1004 620 et
1031 573 1078 620 in
1108 573 1244 621 corio
1275 574 1425 628 tauri,
1465 574 1547 637 qui
1574 580 1675 622 tum
1705 573 1809 622 deis
1833 574 1906 622 in·
1932 584 1954 617 5

298 641 510 691 molatus
528 645 591 691 sit
617 656 787 691 eorum
811 643 981 706 gratia,
1010 643 1261 692 minxisse.
1291 657 1447 707 eoque
1469 642 1577 691 loco
1599 643 1695 710 [in]
1721 645 1912 693 corium

299 720 431 762 terra
459 712 707 761 obrutum.
759 728 817 761 ex
839 727 935 776 quo
958 717 1101 760 natus
1127 714 1189 761 sit
1210 712 1379 761 Orion.
1430 728 1527 777 quo
1555 728 1614 762 ex
1638 713 1766 762 facto
1793 713 1912 763 adu-

297 782 489 832 lescens
517 783 664 844 digna
692 782 898 831 deorum
938 782 1094 831 forma
1123 790 1270 845 atque
1308 784 1505 847 egregia
1531 784 1715 833 uirtute
1741 783 1911 832 incita-

300 861 378 902 tus
403 852 686 902 inmortalia
716 851 999 919 [memoria]
1029 855 1277 914 operabat
1303 852 1777 917 optemperabatque
1802 855 1911 917 qui-

297 924 392 972 bus
420 928 557 972 ortus
585 922 859 971 dicebatur.
937 938 1049 972 nam
1079 938 1189 972 cum
1219 924 1269 971 in
1306 929 1472 972 monte
1499 922 1730 973 Pelinaeo
1755 938 1908 972 uena·
1935 935 1977 968 ιο

297 999 461 1050 retur,
499 993 719 1042 inridens
746 993 949 1042 Dianam
978 992 1326 1042 contemnebat
1363 995 1464 1042 eius
1493 1009 1671 1058 opera,
1708 1008 1835 1059 quae
1859 994 1935 1042 in·

296 1069 463 1113 monte
492 1062 832 1118 constituebat,
863 1062 1111 1112 obterens.
1152 1064 1318 1126 itaque
1334 1062 1536 1112 Dianam
1563 1065 1755 1113 misisse
1773 1077 1908 1113 scor-

295 1135 491 1197 pionem
531 1135 612 1198 qui
652 1132 883 1182 Orionem
921 1135 1020 1182 uita
1057 1134 1303 1196 priuaret‚
1348 1139 1395 1181 et
1430 1139 1598 1197 postea
1633 1134 1909 1198 inpetrasse

296 1210 348 1252 ut
374 1203 692 1267 scorpiolel
721 1205 974 1267 signorum
1002 1205 1238 1252 memoria
1267 1204 1662 1252 constitueretur.
1691 1203 1910 1269 Iuppiter
1977 1200 1979 1202 ’

298 1273 582 1339 [memoria]
622 1289 773 1337 porro
803 1273 984 1323 Oriona
1020 1275 1120 1323 uita
1160 1276 1409 1336 priuatum
1446 1273 1690 1323 sideribus
1727 1273 1905 1322 consti·
1930 1282 1973 1316 15

294 1346 401 1393 tuit.
428 1343 671 1409 <Scorpio
692 1344 842 1393 habet
863 1343 1027 1393 stellas
1046 1343 1243 1392 XVIIII:
1271 1344 1322 1391 in
1348 1343 1540 1407 singulo
1567 1358 1724 1392 cornu
1748 1343 1905 1399 binas,

294 1416 479 1478 primas
506 1415 730 1470 maioreS,
760 1415 1079 1476 insequentes
1116 1413 1274 1462 claras
1302 1419 1350 1463 et
1375 1413 1638 1462 obscuram
1664 1427 1829 1470 unam,
1855 1413 1904 1461 in

295 1485 456 1533 fronte
492 1483 557 1532 III
593 1499 800 1547 quarum
842 1499 935 1533 una
974 1483 1155 1533 clarior
1195 1484 1243 1531 in
1282 1483 1466 1538 media,
1515 1484 1564 1531 in
1603 1483 1804 1532 dorsum
1840 1481 1904 1531 111

296 1554 480 1610 clarae,
510 1555 560 1602 in
586 1560 762 1603 uentre
790 1554 933 1614 duae,
961 1556 1009 1602 in
1038 1553 1195 1603 cauda
1222 1553 1275 1609 V,
1304 1555 1354 1601 in
1375 1552 1546 1602 aculeo
1572 1552 1685 1609 IIII,
1714 1566 1903 1601 summa

294 1624 335 1673 X
365 1631 413 1674 et
439 1640 635 1673 nouem.
701 1640 757 1673 ex
795 1624 870 1672 his
896 1626 1115 1687 priores,
1159 1638 1282 1686 quae
1310 1629 1424 1673 sunt
1450 1624 1500 1670 in
1538 1622 1771 1671 cornibus
1797 1623 1901 1671 eius
1923 1632 1970 1664 2⁰

294 1694 382 1743 llll
408 1694 532 1743 duae
560 1693 722 1743 clarae
748 1694 875 1743 duae
910 1693 1177 1749 obscurae,
1222 1692 1400 1743 Librae
1428 1693 1752 1756 adsignantur
1779 1707 1903 1756 quae

295 1764 540 1814 CHELAE
568 1765 814 1813 dicuntur.
867 1763 1005 1814 stella
1034 1770 1197 1813 autem
1226 1779 1348 1820 una,
1385 1778 1509 1827 quae
1537 1768 1611 1812 est
1634 1764 1685 1811 in
1713 1777 1798 1812 ore
1825 1776 1903 1811 ca-

292 1836 393 1891 niS,
437 1834 592 1883 Sirius
620 1834 853 1900 dicitur.)

407 2061 428 2098 1
460 2059 509 2098 in
539 2061 693 2099 monte
714 2057 936 2098 Pelinaeo
958 2058 1206 2110 Rutyersz'us
1236 2060 1390 2097 monte
1421 2056 1650 2108 chelippio
1680 2056 1722 2095 P
1750 2059 1902 2095 monte

290 2114 552 2167 chaelippio
582 2114 625 2154 B
665 2112 682 2167 Η
722 2116 747 2153 2
780 2114 978 2153 caeteris
1007 2115 1049 2153 P
1085 2110 1103 2165 Η
1143 2116 1168 2154 3
1199 2112 1521 2153 inmortalibus
1542 2112 1748 2152 Heinsius
1786 2123 1903 2152 mor-

288 2171 461 2212 talibus
492 2170 526 2210 C
563 2167 582 2223 Η
620 2171 647 2209 4
676 2170 886 2222 hospicio
906 2170 948 2208 P
983 2166 1003 2221 Η
1043 2169 1252 2209 adfectos
1282 2170 1440 2221 scripsi
1468 2167 1655 2208 adfectu
1687 2167 1722 2208 C
1747 2163 1765 2220 Η
1799 2179 1902 2220 pre-

289 2228 389 2267 dita
418 2225 692 2278 P.praedito
723 2225 765 2264 B
796 2226 910 2277 quod
937 2226 1076 2264 delent*
1121 2222 1140 2278 Η
1189 2226 1213 2264 5
1246 2225 1342 2264 deis
1372 2223 1532 2275 Breys.
1573 2224 1640 2263 eis
1673 2223 1707 2263 0
1751 2219 1771 2276 Η
1816 2223 1901 2262 im—

288 2283 485 2324 molatus
514 2281 557 2321 B
582 2279 602 2334 Η
633 2282 658 2320 6
690 2282 751 2322 sit
779 2282 882 2321 add.
915 2280 1069 2333 BreyS.
1100 2277 1119 2334 Η
1148 2280 1346 2332 gratiam
1378 2279 1411 2319 C
1443 2275 1463 2332 Η
1496 2279 1715 2319 minxisse
1745 2278 1901 2320 Heim.

291 2340 441 2380 exisse
473 2338 506 2378 C
534 2334 552 2391 Η
581 2337 681 2378 loco
716 2338 887 2376 corium
908 2336 1063 2388 Breys.
1097 2336 1256 2375 lotium
1287 2335 1479 2386 (locium'
1492 2334 1548 2384 P)
1584 2335 1631 2373 in
1664 2334 1787 2374 corio
1813 2330 1881 2387 ΟΗ

290 2398 313 2436 7
345 2395 589 2447 obruptum
611 2394 650 2433 P
675 2390 692 2447 Η
726 2393 996 2434 adolescens
1021 2393 1054 2432 C
1077 2388 1098 2445 Η
1125 2392 1151 2431 8
1175 2392 1363 2444 egregia
1383 2404 1462 2432 om.
1483 2391 1524 2429 P
1540 2386 1560 2444 Η
1580 2392 1605 2430 9
1635 2389 1899 2430 inmortalia

288 2453 447 2504 scripsi
474 2449 707 2489 inmortali
728 2449 761 2489 C
780 2445 799 2502 Η
819 2449 1036 2488 memoria
1058 2449 1199 2488 deleta
1220 2447 1447 2500 operabat
1467 2451 1508 2486 et
1530 2459 1616 2498 que
1638 2446 1788 2486 addidi
1805 2441 1824 2498 Η
1846 2447 1898 2485 10

290 2508 488 2548 celcinio
510 2506 543 2546 G
563 2503 581 2559 Η
604 2507 654 2545 11
678 2505 1011 2545 eondemnebat
1031 2503 1072 2543 B
1093 2501 1111 2557 Η
1134 2505 1184 2543 12
1217 2503 1431 2544 obterens
1452 2515 1565 2542 corr.
1589 2515 1648 2542 ex
1669 2501 1850 2542 obteres
1870 2514 1898 2540 a

284 2577 357 2617 pr.
377 2577 426 2605 m.
449 2565 491 2603 P
507 2562 723 2603 obterens
743 2560 1077 2602 condemnebat
1092 2560 1135 2599 B
1154 2556 1172 2612 Η
1193 2559 1395 2599 mississe
1410 2558 1452 2597 B
1471 2554 1490 2611 Η
1513 2559 1564 2598 15
1585 2557 1802 2598 memoria
1822 2558 1897 2596 de-

289 2622 372 2660 leui
396 2615 415 2673 Η
442 2619 572 2660 orion
601 2618 762 2658 nauita
781 2617 824 2657 B
855 2617 983 2657 orion
1012 2616 1113 2655 uita
1134 2616 1175 2655 P
1200 2612 1219 2667 Η
1246 2614 1485 2667 syderibus
1505 2609 1581 2663 ΡΗ
1611 2615 1662 2653 16
1692 2611 1894 2663 scorpios

287 2677 330 2716 B
359 2673 378 2730 Η
412 2676 569 2716 decem
603 2677 650 2714 et
678 2686 708 2712 u
737 2673 779 2712 B
811 2670 832 2727 Η
867 2674 918 2714 17
950 2671 1237 2724 insequentis
1267 2671 1309 2709 P
1339 2667 1357 2724 Η
1394 2670 1546 2710 claras
1578 2671 1624 2708 et
1653 2668 1895 2708 obscuram

286 2734 446 2828 ἶῗῖἰέδῗ
474 2730 796 2826 (αῑῗίθνέίῗωὲἶῖ
827 2723 1414 2825 55²²3af¹³122222122⁵1ffll
1447 2727 1500 2834 fig
1515 2725 1578 2820 {3
1601 2722 1758 2819 ἒῗθέξ
1777 2722 1830 2817 ἔ
1869 2719 1875 2831 ἶ

287 2842 346 2882 iis
383 2798 752 2896 griffoglxnbrpa
791 2842 832 2880 P
877 2838 894 2895 Η
944 2819 1198 2880 2Ξ.οὴθ]θα
1238 2838 1278 2876 Ρ
1314 2836 1534 2877 chaelaea
1571 2834 1614 2875 B
1662 2831 1680 2887 Η
1728 2835 1781 2874 23
1820 2845 1889 2885 sy·

285 2897 381 2939 rins
412 2899 453 2938 P
487 2896 507 2950 Η
