<?xml version="1.0" encoding="UTF-8"?>
<!DOCTYPE html PUBLIC "-//W3C//DTD XHTML 1.0 Transitional//EN"
    "http://www.w3.org/TR/xhtml1/DTD/xhtml1-transitional.dtd">
<html xmlns="http://www.w3.org/1999/xhtml" xml:lang="en" lang="en">
 <head>
  <title>
</title>
<meta http-equiv="Content-Type" content="text/html;charset=utf-8" />
  <meta name='ocr-system' content='tesseract 3.04.00' />
  <meta name='ocr-capabilities' content='ocr_page ocr_carea ocr_par ocr_line ocrx_word'/>
</head>
<body>
  <div class='ocr_page' id='page_1' title='image "./martianvscapella00martuoft_0318.png"; bbox 0 0 1982 3230; ppageno 0'>
   <div class='ocr_carea' id='block_1_1' title="bbox 317 124 1454 181">
    <p class='ocr_par' dir='ltr' id='par_1_1' title="bbox 317 124 1454 181">
     <span class='ocr_line' id='line_1_1' title="bbox 317 124 1454 181; baseline -0.004 -9"><span class='ocrx_word' id='word_1_1' title='bbox 317 126 427 181; x_wconf 80' lang='grc'>244</span> <span class='ocrx_word' id='word_1_2' title='bbox 802 124 1103 167; x_wconf 83' lang='lat' dir='ltr'>MARTIANI</span> <span class='ocrx_word' id='word_1_3' title='bbox 1134 124 1454 168; x_wconf 87' lang='lat' dir='ltr'>CAPELLAE</span> 
     </span>
    </p>
   </div>
   <div class='ocr_carea' id='block_1_2' title="bbox 236 258 1982 1231">
    <p class='ocr_par' dir='ltr' id='par_1_2' title="bbox 236 258 1982 1231">
     <span class='ocr_line' id='line_1_2' title="bbox 236 258 1925 333; baseline -0.001 -12"><span class='ocrx_word' id='word_1_4' title='bbox 236 290 239 292; x_wconf 94' lang='lat'>·</span> <span class='ocrx_word' id='word_1_5' title='bbox 318 286 432 321; x_wconf 90' lang='lat' dir='ltr'>rum</span> <span class='ocrx_word' id='word_1_6' title='bbox 458 275 508 319; x_wconf 86' lang='lat' dir='ltr'>et</span> <span class='ocrx_word' id='word_1_7' title='bbox 533 264 1016 332; x_wconf 84' lang='lat' dir='ltr'>Ichthyophagorum</span> <span class='ocrx_word' id='word_1_8' title='bbox 1042 266 1284 330; x_wconf 84' lang='lat' dir='ltr'>gentibus.</span> <span class='ocrx_word' id='word_1_9' title='bbox 1333 268 1420 317; x_wconf 89' lang='lat' dir='ltr'>sed</span> <span class='ocrx_word' id='word_1_10' title='bbox 1444 258 1594 333; x_wconf 82' lang='lat' dir='ltr'>primi</span> <span class='ocrx_word' id='word_1_11' title='bbox 1618 267 1748 318; x_wconf 87' lang='lat' dir='ltr'>feras</span> <span class='ocrx_word' id='word_1_12' title='bbox 1773 282 1925 319; x_wconf 81' lang='lat' dir='ltr'>cursu</span> 
     </span>
     <span class='ocr_line' id='line_1_3' title="bbox 320 335 1924 405; baseline -0.001 -15"><span class='ocrx_word' id='word_1_13' title='bbox 320 343 656 405; x_wconf 84' lang='lat' dir='ltr'>praetereunt..</span> <span class='ocrx_word' id='word_1_14' title='bbox 734 335 874 386; x_wconf 88' lang='lat' dir='ltr'>alteri</span> <span class='ocrx_word' id='word_1_15' title='bbox 900 336 1063 385; x_wconf 91' lang='lat' dir='ltr'>nando</span> <span class='ocrx_word' id='word_1_16' title='bbox 1088 338 1304 386; x_wconf 90' lang='lat' dir='ltr'>marinas</span> <span class='ocrx_word' id='word_1_17' title='bbox 1327 336 1497 388; x_wconf 85' lang='lat' dir='ltr'>beluas</span> <span class='ocrx_word' id='word_1_18' title='bbox 1523 339 1745 389; x_wconf 88' lang='lat' dir='ltr'>uincunt.</span> <span class='ocrx_word' id='word_1_19' title='bbox 1808 346 1924 390; x_wconf 88' lang='lat' dir='ltr'>sunt</span> 
     </span>
     <span class='ocr_line' id='line_1_4' title="bbox 322 405 1924 474; baseline -0.001 -14"><span class='ocrx_word' id='word_1_20' title='bbox 322 416 372 460; x_wconf 88' lang='lat' dir='ltr'>et</span> <span class='ocrx_word' id='word_1_21' title='bbox 398 407 652 474; x_wconf 84' lang='lat' dir='ltr'>Gorgades</span> <span class='ocrx_word' id='word_1_22' title='bbox 684 405 877 456; x_wconf 90' lang='lat' dir='ltr'>insulae</span> <span class='ocrx_word' id='word_1_23' title='bbox 913 406 1155 456; x_wconf 89' lang='lat' dir='ltr'>obuersae</span> <span class='ocrx_word' id='word_1_24' title='bbox 1187 409 1530 472; x_wconf 91' lang='lat' dir='ltr'>promunturio</span> <span class='ocrx_word' id='word_1_25' title='bbox 1557 408 1691 473; x_wconf 91' lang='lat' dir='ltr'>quod</span> <span class='ocrx_word' id='word_1_26' title='bbox 1715 414 1924 459; x_wconf 86' lang='lat' dir='ltr'>uocatur</span> 
     </span>
     <span class='ocr_line' id='line_1_5' title="bbox 321 476 1925 544; baseline -0.001 -15"><span class='ocrx_word' id='word_1_27' title='bbox 321 480 549 543; x_wconf 84' lang='lat' dir='ltr'>Hesperu</span> <span class='ocrx_word' id='word_1_28' title='bbox 574 491 728 527; x_wconf 87' lang='lat' dir='ltr'>ceras.</span> <span class='ocrx_word' id='word_1_29' title='bbox 804 476 893 525; x_wconf 90' lang='lat' dir='ltr'>has</span> <span class='ocrx_word' id='word_1_30' title='bbox 928 477 1190 527; x_wconf 92' lang='lat' dir='ltr'>incoluisse</span> <span class='ocrx_word' id='word_1_31' title='bbox 1217 477 1472 542; x_wconf 88' lang='lat' dir='ltr'>Gorgonas</span> <span class='ocrx_word' id='word_1_32' title='bbox 1498 478 1686 536; x_wconf 87' lang='lat' dir='ltr'>ferunt,</span> <span class='ocrx_word' id='word_1_33' title='bbox 1722 480 1774 528; x_wconf 90' lang='lat' dir='ltr'>in</span> <span class='ocrx_word' id='word_1_34' title='bbox 1800 494 1925 544; x_wconf 84' lang='lat' dir='ltr'>quas</span> 
     </span>
     <span class='ocr_line' id='line_1_6' title="bbox 323 546 1982 613; baseline -0.003 -13"><span class='ocrx_word' id='word_1_35' title='bbox 323 566 349 600; x_wconf 91' lang='lat' dir='ltr'>a</span> <span class='ocrx_word' id='word_1_36' title='bbox 387 549 656 599; x_wconf 86' lang='lat' dir='ltr'>continenti</span> <span class='ocrx_word' id='word_1_37' title='bbox 691 547 842 596; x_wconf 90' lang='lat' dir='ltr'>biduo</span> <span class='ocrx_word' id='word_1_38' title='bbox 868 547 1143 611; x_wconf 87' lang='lat' dir='ltr'>nauigatur.</span> <span class='ocrx_word' id='word_1_39' title='bbox 1218 546 1346 598; x_wconf 90' lang='lat' dir='ltr'>ultra</span> <span class='ocrx_word' id='word_1_40' title='bbox 1379 548 1468 598; x_wconf 89' lang='lat' dir='ltr'>has</span> <span class='ocrx_word' id='word_1_41' title='bbox 1493 548 1820 613; x_wconf 85' lang='lat' dir='ltr'>Hesperidum</span> <span class='ocrx_word' id='word_1_42' title='bbox 1849 549 1924 598; x_wconf 86' lang='lat' dir='ltr'>in·</span> <span class='ocrx_word' id='word_1_43' title='bbox 1967 563 1982 595; x_wconf 78' lang='grc' dir='ltr'>ε</span> 
     </span>
     <span class='ocr_line' id='line_1_7' title="bbox 323 617 1926 684; baseline 0 -15"><span class='ocrx_word' id='word_1_44' title='bbox 323 618 484 678; x_wconf 91' lang='lat' dir='ltr'>sulae,</span> <span class='ocrx_word' id='word_1_45' title='bbox 514 634 640 684; x_wconf 91' lang='lat' dir='ltr'>quae</span> <span class='ocrx_word' id='word_1_46' title='bbox 677 619 729 666; x_wconf 91' lang='lat' dir='ltr'>in</span> <span class='ocrx_word' id='word_1_47' title='bbox 762 619 937 667; x_wconf 89' lang='lat' dir='ltr'>intimo</span> <span class='ocrx_word' id='word_1_48' title='bbox 964 617 1228 667; x_wconf 84' lang='lat' dir='ltr'>admodum</span> <span class='ocrx_word' id='word_1_49' title='bbox 1268 621 1392 668; x_wconf 89' lang='lat' dir='ltr'>mari</span> <span class='ocrx_word' id='word_1_50' title='bbox 1427 625 1557 669; x_wconf 90' lang='lat' dir='ltr'>sunt.</span> <span class='ocrx_word' id='word_1_51' title='bbox 1632 619 1926 669; x_wconf 79' lang='lat' dir='ltr'>Fortunatas</span> 
     </span>
     <span class='ocr_line' id='line_1_8' title="bbox 324 687 1925 740; baseline -0.001 0"><span class='ocrx_word' id='word_1_52' title='bbox 324 696 488 740; x_wconf 89' lang='lat' dir='ltr'>autem</span> <span class='ocrx_word' id='word_1_53' title='bbox 523 687 707 739; x_wconf 76' lang='lat' dir='ltr'>Insulas</span> <span class='ocrx_word' id='word_1_54' title='bbox 741 688 791 738; x_wconf 91' lang='lat' dir='ltr'>in</span> <span class='ocrx_word' id='word_1_55' title='bbox 817 687 957 738; x_wconf 88' lang='lat' dir='ltr'>laeua</span> <span class='ocrx_word' id='word_1_56' title='bbox 992 688 1312 738; x_wconf 87' lang='lat' dir='ltr'>Mauritaniae</span> <span class='ocrx_word' id='word_1_57' title='bbox 1348 690 1633 739; x_wconf 88' lang='lat' dir='ltr'>constitutas</span> <span class='ocrx_word' id='word_1_58' title='bbox 1668 690 1797 739; x_wconf 86' lang='lat' dir='ltr'>inter</span> <span class='ocrx_word' id='word_1_59' title='bbox 1822 704 1925 739; x_wconf 87' lang='lat' dir='ltr'>me-</span> 
     </span>
     <span class='ocr_line' id='line_1_9' title="bbox 323 759 1928 824; baseline -0.001 -14"><span class='ocrx_word' id='word_1_60' title='bbox 323 760 503 810; x_wconf 89' lang='lat' dir='ltr'>ridiem</span> <span class='ocrx_word' id='word_1_61' title='bbox 552 773 882 823; x_wconf 86' lang='lat' dir='ltr'>occasumque</span> <span class='ocrx_word' id='word_1_62' title='bbox 933 773 1035 808; x_wconf 91' lang='lat' dir='ltr'>non</span> <span class='ocrx_word' id='word_1_63' title='bbox 1085 759 1287 808; x_wconf 86' lang='lat' dir='ltr'>dubium</span> <span class='ocrx_word' id='word_1_64' title='bbox 1338 765 1424 810; x_wconf 90' lang='lat' dir='ltr'>est.</span> <span class='ocrx_word' id='word_1_65' title='bbox 1513 774 1720 823; x_wconf 88' lang='lat' dir='ltr'>quarum</span> <span class='ocrx_word' id='word_1_66' title='bbox 1767 761 1928 824; x_wconf 89' lang='lat' dir='ltr'>prima</span> 
     </span>
     <span class='ocr_line' id='line_1_10' title="bbox 324 828 1926 895; baseline -0.001 -14"><span class='ocrx_word' id='word_1_67' title='bbox 324 829 630 881; x_wconf 88' lang='lat' dir='ltr'>Membriona</span> <span class='ocrx_word' id='word_1_68' title='bbox 658 829 850 886; x_wconf 84' lang='lat' dir='ltr'>dicitur,</span> <span class='ocrx_word' id='word_1_69' title='bbox 878 828 1094 878; x_wconf 86' lang='lat' dir='ltr'>secunda</span> <span class='ocrx_word' id='word_1_70' title='bbox 1119 829 1339 887; x_wconf 89' lang='lat' dir='ltr'>Iunonia,</span> <span class='ocrx_word' id='word_1_71' title='bbox 1366 831 1509 879; x_wconf 89' lang='lat' dir='ltr'>tertia</span> <span class='ocrx_word' id='word_1_72' title='bbox 1535 829 1754 887; x_wconf 90' lang='lat' dir='ltr'>Theode,</span> <span class='ocrx_word' id='word_1_73' title='bbox 1782 844 1926 895; x_wconf 87' lang='lat' dir='ltr'>quar-</span> 
     </span>
     <span class='ocr_line' id='line_1_11' title="bbox 324 898 1982 965; baseline -0.003 -15"><span class='ocrx_word' id='word_1_74' title='bbox 324 907 374 951; x_wconf 85' lang='lat' dir='ltr'>ta</span> <span class='ocrx_word' id='word_1_75' title='bbox 413 901 669 965; x_wconf 84' lang='lat' dir='ltr'>Capraria,</span> <span class='ocrx_word' id='word_1_76' title='bbox 710 898 802 948; x_wconf 91' lang='lat' dir='ltr'>alia</span> <span class='ocrx_word' id='word_1_77' title='bbox 840 899 1062 956; x_wconf 90' lang='lat' dir='ltr'>Niuaria,</span> <span class='ocrx_word' id='word_1_78' title='bbox 1114 914 1239 964; x_wconf 91' lang='lat' dir='ltr'>quae</span> <span class='ocrx_word' id='word_1_79' title='bbox 1277 904 1392 950; x_wconf 77' lang='lat' dir='ltr'>aere</span> <span class='ocrx_word' id='word_1_80' title='bbox 1438 899 1676 950; x_wconf 88' lang='lat' dir='ltr'>nebuloso</span> <span class='ocrx_word' id='word_1_81' title='bbox 1715 907 1764 949; x_wconf 89' lang='lat' dir='ltr'>et</span> <span class='ocrx_word' id='word_1_82' title='bbox 1809 914 1926 949; x_wconf 91' lang='lat' dir='ltr'>con·</span> <span class='ocrx_word' id='word_1_83' title='bbox 1950 914 1982 945; x_wconf 88' lang='lat'>1(</span> 
     </span>
     <span class='ocr_line' id='line_1_12' title="bbox 327 969 1929 1033; baseline 0 -13"><span class='ocrx_word' id='word_1_84' title='bbox 327 977 465 1020; x_wconf 88' lang='lat' dir='ltr'>creto</span> <span class='ocrx_word' id='word_1_85' title='bbox 493 978 581 1020; x_wconf 85' lang='lat' dir='ltr'>est.</span> <span class='ocrx_word' id='word_1_86' title='bbox 657 985 771 1018; x_wconf 88' lang='lat' dir='ltr'>mox</span> <span class='ocrx_word' id='word_1_87' title='bbox 798 969 1028 1026; x_wconf 87' lang='lat' dir='ltr'>Canaria‚</span> <span class='ocrx_word' id='word_1_88' title='bbox 1057 969 1261 1018; x_wconf 90' lang='lat' dir='ltr'>canibus</span> <span class='ocrx_word' id='word_1_89' title='bbox 1294 971 1546 1020; x_wconf 89' lang='lat' dir='ltr'>inmensae</span> <span class='ocrx_word' id='word_1_90' title='bbox 1580 970 1929 1033; x_wconf 82' lang='lat' dir='ltr'>magnitudinis</span> 
     </span>
     <span class='ocr_line' id='line_1_13' title="bbox 328 1038 1929 1106; baseline 0 -17"><span class='ocrx_word' id='word_1_91' title='bbox 328 1041 490 1106; x_wconf 90' lang='lat' dir='ltr'>plena.</span> <span class='ocrx_word' id='word_1_92' title='bbox 515 1042 518 1044; x_wconf 73' lang='grc'>’</span> <span class='ocrx_word' id='word_1_93' title='bbox 540 1054 711 1090; x_wconf 90' lang='lat' dir='ltr'>omnes</span> <span class='ocrx_word' id='word_1_94' title='bbox 738 1039 912 1089; x_wconf 87' lang='lat' dir='ltr'>auibus</span> <span class='ocrx_word' id='word_1_95' title='bbox 937 1038 1126 1103; x_wconf 90' lang='lat' dir='ltr'>plenae,</span> <span class='ocrx_word' id='word_1_96' title='bbox 1155 1054 1448 1090; x_wconf 87' lang='lat' dir='ltr'>nemorosae</span> <span class='ocrx_word' id='word_1_97' title='bbox 1471 1039 1773 1104; x_wconf 86' lang='lat' dir='ltr'>palmiferae,</span> <span class='ocrx_word' id='word_1_98' title='bbox 1799 1055 1929 1091; x_wconf 91' lang='lat' dir='ltr'>nuce</span> 
     </span>
     <span class='ocr_line' id='line_1_14' title="bbox 327 1107 1930 1176; baseline -0.001 -16"><span class='ocrx_word' id='word_1_99' title='bbox 327 1112 499 1176; x_wconf 88' lang='lat' dir='ltr'>pinea,</span> <span class='ocrx_word' id='word_1_100' title='bbox 546 1110 703 1159; x_wconf 89' lang='lat' dir='ltr'>mellis</span> <span class='ocrx_word' id='word_1_101' title='bbox 741 1110 904 1174; x_wconf 88' lang='lat' dir='ltr'>copia,</span> <span class='ocrx_word' id='word_1_102' title='bbox 954 1108 1179 1159; x_wconf 88' lang='lat' dir='ltr'>amnibus</span> <span class='ocrx_word' id='word_1_103' title='bbox 1214 1125 1271 1159; x_wconf 89' lang='lat' dir='ltr'>ac</span> <span class='ocrx_word' id='word_1_104' title='bbox 1316 1109 1478 1160; x_wconf 88' lang='lat' dir='ltr'>siluris</span> <span class='ocrx_word' id='word_1_105' title='bbox 1514 1110 1731 1175; x_wconf 91' lang='lat' dir='ltr'>piscibus</span> <span class='ocrx_word' id='word_1_106' title='bbox 1777 1107 1930 1160; x_wconf 89' lang='lat' dir='ltr'>abun-</span> 
     </span>
     <span class='ocr_line' id='line_1_15' title="bbox 328 1182 514 1231; baseline -0.005 0"><span class='ocrx_word' id='word_1_107' title='bbox 328 1182 514 1231; x_wconf 83' lang='lat' dir='ltr'>dantes,</span> 
     </span>
    </p>
   </div>
   <div class='ocr_carea' id='block_1_3' title="bbox 214 1277 1982 1553">
    <p class='ocr_par' dir='ltr' id='par_1_3' title="bbox 214 1277 1982 1553">
     <span class='ocr_line' id='line_1_16' title="bbox 214 1277 1982 1343; baseline 0 -12"><span class='ocrx_word' id='word_1_108' title='bbox 214 1290 296 1331; x_wconf 78' lang='lat'>703</span> <span class='ocrx_word' id='word_1_109' title='bbox 384 1304 389 1309; x_wconf 17' lang='grc' dir='ltr'><em>κ</em></span> <span class='ocrx_word' id='word_1_110' title='bbox 470 1280 746 1330; x_wconf 89' lang='lat' dir='ltr'>Percursus</span> <span class='ocrx_word' id='word_1_111' title='bbox 789 1277 1010 1328; x_wconf 86' lang='lat' dir='ltr'>breuiter</span> <span class='ocrx_word' id='word_1_112' title='bbox 1052 1285 1300 1328; x_wconf 86' lang='lat' dir='ltr'>terrarum</span> <span class='ocrx_word' id='word_1_113' title='bbox 1345 1280 1466 1328; x_wconf 89' lang='lat' dir='ltr'>situs</span> <span class='ocrx_word' id='word_1_114' title='bbox 1483 1317 1494 1335; x_wconf 92' lang='lat'><em>‚</em></span> <span class='ocrx_word' id='word_1_115' title='bbox 1540 1278 1655 1329; x_wconf 88' lang='lat' dir='ltr'>licet</span> <span class='ocrx_word' id='word_1_116' title='bbox 1695 1277 1927 1343; x_wconf 87' lang='lat' dir='ltr'>ignobilia</span> <span class='ocrx_word' id='word_1_117' title='bbox 1953 1301 1982 1332; x_wconf 74' lang='grc' dir='ltr'>ιε</span> 
     </span>
     <span class='ocr_line' id='line_1_17' title="bbox 330 1348 1931 1415; baseline -0.002 -15"><span class='ocrx_word' id='word_1_118' title='bbox 330 1365 557 1415; x_wconf 89' lang='lat' dir='ltr'>quaeque</span> <span class='ocrx_word' id='word_1_119' title='bbox 576 1348 949 1412; x_wconf 88' lang='lat' dir='ltr'>praeteruolans</span> <span class='ocrx_word' id='word_1_120' title='bbox 962 1350 1219 1398; x_wconf 88' lang='lat' dir='ltr'>immorari</span> <span class='ocrx_word' id='word_1_121' title='bbox 1238 1364 1338 1398; x_wconf 89' lang='lat' dir='ltr'>non</span> <span class='ocrx_word' id='word_1_122' title='bbox 1350 1350 1502 1412; x_wconf 86' lang='lat' dir='ltr'>potui,</span> <span class='ocrx_word' id='word_1_123' title='bbox 1515 1355 1677 1399; x_wconf 86' lang='lat' dir='ltr'>tamen</span> <span class='ocrx_word' id='word_1_124' title='bbox 1691 1354 1743 1399; x_wconf 88' lang='lat' dir='ltr'>ut</span> <span class='ocrx_word' id='word_1_125' title='bbox 1758 1348 1931 1398; x_wconf 89' lang='lat' dir='ltr'>orbem</span> 
     </span>
     <span class='ocr_line' id='line_1_18' title="bbox 329 1421 1929 1484; baseline -0.001 -14"><span class='ocrx_word' id='word_1_126' title='bbox 329 1427 494 1470; x_wconf 89' lang='lat' dir='ltr'>terrae</span> <span class='ocrx_word' id='word_1_127' title='bbox 519 1421 790 1484; x_wconf 83' lang='lat' dir='ltr'>mariaque</span> <span class='ocrx_word' id='word_1_128' title='bbox 810 1434 1061 1468; x_wconf 87' lang='lat' dir='ltr'>ammensa</span> <span class='ocrx_word' id='word_1_129' title='bbox 1097 1432 1386 1482; x_wconf 88' lang='lat' dir='ltr'>cognoscar,</span> <span class='ocrx_word' id='word_1_130' title='bbox 1424 1434 1705 1469; x_wconf 90' lang='lat' dir='ltr'>mensuram</span> <span class='ocrx_word' id='word_1_131' title='bbox 1733 1433 1929 1468; x_wconf 89' lang='lat' dir='ltr'>omnem</span> 
     </span>
     <span class='ocr_line' id='line_1_19' title="bbox 329 1486 1930 1553; baseline -0.002 -13"><span class='ocrx_word' id='word_1_132' title='bbox 329 1490 552 1540; x_wconf 84' lang='lat' dir='ltr'>breuiter</span> <span class='ocrx_word' id='word_1_133' title='bbox 577 1488 828 1538; x_wconf 84' lang='lat' dir='ltr'>intimabo.</span> <span class='ocrx_word' id='word_1_134' title='bbox 893 1505 918 1538; x_wconf 88' lang='lat' dir='ltr'>a</span> <span class='ocrx_word' id='word_1_135' title='bbox 947 1486 1187 1538; x_wconf 83' lang='lat' dir='ltr'>G&#39;aditano</span> <span class='ocrx_word' id='word_1_136' title='bbox 1214 1488 1340 1538; x_wconf 86' lang='lat' dir='ltr'>freto</span> <span class='ocrx_word' id='word_1_137' title='bbox 1366 1504 1455 1553; x_wconf 89' lang='lat' dir='ltr'>per</span> <span class='ocrx_word' id='word_1_138' title='bbox 1479 1488 1832 1553; x_wconf 80' lang='lat' dir='ltr'>longitudinem</span> <span class='ocrx_word' id='word_1_139' title='bbox 1859 1488 1930 1538; x_wconf 90' lang='lat' dir='ltr'>di-</span> 
     </span>
    </p>
   </div>
   <div class='ocr_carea' id='block_1_4' title="bbox 330 1572 1982 1779">
    <p class='ocr_par' dir='ltr' id='par_1_4' title="bbox 330 1572 1982 1779">
     <span class='ocr_line' id='line_1_20' title="bbox 330 1572 1929 1637; baseline -0.003 -12"><span class='ocrx_word' id='word_1_140' title='bbox 330 1580 467 1625; x_wconf 87' lang='lat' dir='ltr'>recto</span> <span class='ocrx_word' id='word_1_141' title='bbox 508 1589 657 1623; x_wconf 87' lang='lat' dir='ltr'>cursu</span> <span class='ocrx_word' id='word_1_142' title='bbox 692 1572 752 1622; x_wconf 90' lang='lat' dir='ltr'>ad</span> <span class='ocrx_word' id='word_1_143' title='bbox 800 1588 854 1622; x_wconf 93' lang='lat' dir='ltr'>os</span> <span class='ocrx_word' id='word_1_144' title='bbox 888 1573 1089 1622; x_wconf 84' lang='lat' dir='ltr'>Maeotis</span> <span class='ocrx_word' id='word_1_145' title='bbox 1126 1573 1365 1622; x_wconf 91' lang='lat' dir='ltr'>XXXIllI.</span> <span class='ocrx_word' id='word_1_146' title='bbox 1391 1572 1609 1622; x_wconf 89' lang='lat' dir='ltr'>XXXVII</span> <span class='ocrx_word' id='word_1_147' title='bbox 1643 1576 1784 1624; x_wconf 85' lang='lat' dir='ltr'>milia</span> <span class='ocrx_word' id='word_1_148' title='bbox 1817 1587 1929 1637; x_wconf 90' lang='lat' dir='ltr'>pas-</span> 
     </span>
     <span class='ocr_line' id='line_1_21' title="bbox 332 1642 1982 1707; baseline -0.002 -13"><span class='ocrx_word' id='word_1_149' title='bbox 332 1660 494 1694; x_wconf 87' lang='lat' dir='ltr'>suum.</span> <span class='ocrx_word' id='word_1_150' title='bbox 567 1644 832 1693; x_wconf 89' lang='lat' dir='ltr'>uniuersus</span> <span class='ocrx_word' id='word_1_151' title='bbox 868 1648 1031 1692; x_wconf 90' lang='lat' dir='ltr'>autem</span> <span class='ocrx_word' id='word_1_152' title='bbox 1069 1644 1301 1693; x_wconf 87' lang='lat' dir='ltr'>circuitus</span> <span class='ocrx_word' id='word_1_153' title='bbox 1327 1642 1387 1692; x_wconf 89' lang='lat' dir='ltr'>ab</span> <span class='ocrx_word' id='word_1_154' title='bbox 1416 1642 1588 1692; x_wconf 88' lang='lat' dir='ltr'>eodem</span> <span class='ocrx_word' id='word_1_155' title='bbox 1615 1643 1817 1693; x_wconf 87' lang='lat' dir='ltr'>exordio</span> <span class='ocrx_word' id='word_1_156' title='bbox 1842 1657 1931 1707; x_wconf 90' lang='lat' dir='ltr'>per</span> <span class='ocrx_word' id='word_1_157' title='bbox 1954 1660 1982 1691; x_wconf 72' lang='lat'>2«</span> 
     </span>
     <span class='ocr_line' id='line_1_22' title="bbox 331 1713 1931 1779; baseline -0.001 -15"><span class='ocrx_word' id='word_1_158' title='bbox 331 1717 467 1764; x_wconf 90' lang='lat' dir='ltr'>sinus</span> <span class='ocrx_word' id='word_1_159' title='bbox 493 1714 646 1763; x_wconf 86' lang='lat' dir='ltr'>dictos</span> <span class='ocrx_word' id='word_1_160' title='bbox 680 1715 809 1762; x_wconf 90' lang='lat' dir='ltr'>intra</span> <span class='ocrx_word' id='word_1_161' title='bbox 835 1713 1098 1763; x_wconf 87' lang='lat' dir='ltr'>Maeotium</span> <span class='ocrx_word' id='word_1_162' title='bbox 1132 1713 1294 1763; x_wconf 88' lang='lat' dir='ltr'>lacum</span> <span class='ocrx_word' id='word_1_163' title='bbox 1322 1713 1505 1772; x_wconf 82' lang='lat' dir='ltr'>CLVII,</span> <span class='ocrx_word' id='word_1_164' title='bbox 1544 1729 1654 1763; x_wconf 90' lang='lat' dir='ltr'>cum</span> <span class='ocrx_word' id='word_1_165' title='bbox 1679 1715 1784 1779; x_wconf 89' lang='lat' dir='ltr'>ipsa</span> <span class='ocrx_word' id='word_1_166' title='bbox 1810 1727 1931 1764; x_wconf 85' lang='lat' dir='ltr'>uero</span> 
     </span>
    </p>
   </div>
   <div class='ocr_carea' id='block_1_5' title="bbox 330 1795 1934 1862">
    <p class='ocr_par' dir='ltr' id='par_1_5' title="bbox 330 1795 1934 1862">
     <span class='ocr_line' id='line_1_23' title="bbox 330 1795 1934 1862; baseline -0.002 -13"><span class='ocrx_word' id='word_1_167' title='bbox 330 1798 573 1849; x_wconf 87' lang='lat' dir='ltr'>Maeotide</span> <span class='ocrx_word' id='word_1_168' title='bbox 643 1797 913 1848; x_wconf 84' lang='lat' dir='ltr'>CLXXXII.</span> <span class='ocrx_word' id='word_1_169' title='bbox 950 1797 1047 1848; x_wconf 89' lang='lat' dir='ltr'>XC.</span> <span class='ocrx_word' id='word_1_170' title='bbox 1179 1797 1406 1862; x_wconf 89' lang='lat' dir='ltr'>Europae</span> <span class='ocrx_word' id='word_1_171' title='bbox 1478 1812 1711 1848; x_wconf 88' lang='lat' dir='ltr'>mensura</span> <span class='ocrx_word' id='word_1_172' title='bbox 1781 1795 1934 1848; x_wconf 89' lang='lat' dir='ltr'>solius</span> 
     </span>
    </p>
   </div>
   <div class='ocr_carea' id='block_1_6' title="bbox 177 1875 1933 2018">
    <p class='ocr_par' dir='ltr' id='par_1_6' title="bbox 177 1875 1933 2018">
     <span class='ocr_line' id='line_1_24' title="bbox 331 1875 1932 1946; baseline -0.001 -14"><span class='ocrx_word' id='word_1_173' title='bbox 331 1883 564 1933; x_wconf 89' lang='lat' dir='ltr'>LXXXII.</span> <span class='ocrx_word' id='word_1_174' title='bbox 591 1881 778 1932; x_wconf 90' lang='lat' dir='ltr'>XCIIII.</span> <span class='ocrx_word' id='word_1_175' title='bbox 853 1882 1046 1931; x_wconf 83' lang='lat' dir='ltr'>Africae</span> <span class='ocrx_word' id='word_1_176' title='bbox 1081 1881 1334 1946; x_wconf 89' lang='lat' dir='ltr'>longitudo</span> <span class='ocrx_word' id='word_1_177' title='bbox 1370 1881 1600 1931; x_wconf 91' lang='lat' dir='ltr'>XXXVII.</span> <span class='ocrx_word' id='word_1_178' title='bbox 1630 1875 1825 1939; x_wconf 88' lang='lat' dir='ltr'>XCIIII,</span> <span class='ocrx_word' id='word_1_179' title='bbox 1861 1880 1932 1931; x_wconf 91' lang='lat' dir='ltr'>la·</span> 
     </span>
     <span class='ocr_line' id='line_1_25' title="bbox 177 1952 1933 2018; baseline -0.001 -15"><span class='ocrx_word' id='word_1_180' title='bbox 177 1961 312 2004; x_wconf 75' lang='lat'>2276&#39;</span> <span class='ocrx_word' id='word_1_181' title='bbox 334 1954 486 2003; x_wconf 90' lang='lat' dir='ltr'>titudo</span> <span class='ocrx_word' id='word_1_182' title='bbox 521 1954 570 2002; x_wconf 93' lang='lat' dir='ltr'>in</span> <span class='ocrx_word' id='word_1_183' title='bbox 597 1953 912 2018; x_wconf 86' lang='lat' dir='ltr'>Cyrenaicam</span> <span class='ocrx_word' id='word_1_184' title='bbox 949 1953 1054 2002; x_wconf 90' lang='lat' dir='ltr'>eius</span> <span class='ocrx_word' id='word_1_185' title='bbox 1089 1958 1280 2016; x_wconf 87' lang='lat' dir='ltr'>partem</span> <span class='ocrx_word' id='word_1_186' title='bbox 1306 1952 1560 2003; x_wconf 86' lang='lat' dir='ltr'>DCCCCX.</span> <span class='ocrx_word' id='word_1_187' title='bbox 1635 1953 1776 2002; x_wconf 90' lang='lat' dir='ltr'>Asiae</span> <span class='ocrx_word' id='word_1_188' title='bbox 1813 1965 1933 2001; x_wconf 90' lang='lat' dir='ltr'>uero</span> 
     </span>
    </p>
   </div>
   <div class='ocr_carea' id='block_1_7' title="bbox 333 2035 1982 2102">
    <p class='ocr_par' dir='ltr' id='par_1_7' title="bbox 333 2035 1982 2102">
     <span class='ocr_line' id='line_1_26' title="bbox 333 2035 1982 2102; baseline 0.001 -16"><span class='ocrx_word' id='word_1_189' title='bbox 333 2037 588 2101; x_wconf 84' lang='lat' dir='ltr'>longitudo</span> <span class='ocrx_word' id='word_1_190' title='bbox 643 2037 808 2086; x_wconf 91' lang='lat' dir='ltr'>LXIII.</span> <span class='ocrx_word' id='word_1_191' title='bbox 841 2036 997 2086; x_wconf 87' lang='lat' dir='ltr'>DCCL</span> <span class='ocrx_word' id='word_1_192' title='bbox 1040 2036 1243 2086; x_wconf 87' lang='lat' dir='ltr'>latitudo</span> <span class='ocrx_word' id='word_1_193' title='bbox 1279 2035 1338 2086; x_wconf 85' lang='lat' dir='ltr'>ab</span> <span class='ocrx_word' id='word_1_194' title='bbox 1374 2036 1662 2102; x_wconf 84' lang='lat' dir='ltr'>Aethiopico</span> <span class='ocrx_word' id='word_1_195' title='bbox 1705 2037 1829 2086; x_wconf 89' lang='lat' dir='ltr'>mari</span> <span class='ocrx_word' id='word_1_196' title='bbox 1872 2035 1933 2086; x_wconf 89' lang='lat' dir='ltr'>ad</span> <span class='ocrx_word' id='word_1_197' title='bbox 1955 2058 1982 2090; x_wconf 67' lang='lat'>22</span> 
     </span>
    </p>
   </div>
   <div class='ocr_carea' id='block_1_8' title="bbox 1122 1559 1347 1566">
    <p class='ocr_par' dir='ltr' id='par_1_8' title="bbox 1122 1559 1347 1566">
     <span class='ocr_line' id='line_1_27' title="bbox 1122 1559 1347 1566; baseline 0 1664"><span class='ocrx_word' id='word_1_198' title='bbox 1122 1559 1347 1566; x_wconf 95' lang='lat' dir='ltr'> </span> 
     </span>
    </p>
   </div>
   <div class='ocr_carea' id='block_1_9' title="bbox 648 1785 902 1790">
    <p class='ocr_par' dir='ltr' id='par_1_9' title="bbox 648 1785 902 1790">
     <span class='ocr_line' id='line_1_28' title="bbox 648 1785 902 1790; baseline 0 0"><span class='ocrx_word' id='word_1_199' title='bbox 648 1785 902 1790; x_wconf 95' lang='lat' dir='ltr'> </span> 
     </span>
    </p>
   </div>
   <div class='ocr_carea' id='block_1_10' title="bbox 330 1871 558 1876">
    <p class='ocr_par' dir='ltr' id='par_1_10' title="bbox 330 1871 558 1876">
     <span class='ocr_line' id='line_1_29' title="bbox 330 1871 558 1876; baseline 0 0"><span class='ocrx_word' id='word_1_200' title='bbox 330 1871 558 1876; x_wconf 95' lang='lat' dir='ltr'> </span> 
     </span>
    </p>
   </div>
   <div class='ocr_carea' id='block_1_11' title="bbox 1369 1869 1601 1877">
    <p class='ocr_par' dir='ltr' id='par_1_11' title="bbox 1369 1869 1601 1877">
     <span class='ocr_line' id='line_1_30' title="bbox 1369 1869 1601 1877; baseline 0 1353"><span class='ocrx_word' id='word_1_201' title='bbox 1369 1869 1601 1877; x_wconf 95' lang='lat' dir='ltr'> </span> 
     </span>
    </p>
   </div>
   <div class='ocr_carea' id='block_1_12' title="bbox 642 2022 812 2029">
    <p class='ocr_par' dir='ltr' id='par_1_12' title="bbox 642 2022 812 2029">
     <span class='ocr_line' id='line_1_31' title="bbox 642 2022 812 2029; baseline 0 1201"><span class='ocrx_word' id='word_1_202' title='bbox 642 2022 812 2029; x_wconf 95' lang='lat' dir='ltr'> </span> 
     </span>
    </p>
   </div>
   <div class='ocr_carea' id='block_1_13' title="bbox 332 2163 670 2171">
    <p class='ocr_par' dir='ltr' id='par_1_13' title="bbox 332 2163 670 2171">
     <span class='ocr_line' id='line_1_32' title="bbox 332 2163 670 2171; baseline 0 1059"><span class='ocrx_word' id='word_1_203' title='bbox 332 2163 670 2171; x_wconf 95' lang='lat' dir='ltr'> </span> 
     </span>
    </p>
   </div>
   <div class='ocr_carea' id='block_1_14' title="bbox 445 2232 1161 2283">
    <p class='ocr_par' dir='ltr' id='par_1_14' title="bbox 445 2232 1161 2283">
     <span class='ocr_line' id='line_1_33' title="bbox 445 2232 1161 2283; baseline -0.003 -9"><span class='ocrx_word' id='word_1_204' title='bbox 445 2234 470 2283; x_wconf 65' lang='grc' dir='ltr'><strong><em>ξ</em></strong></span> <span class='ocrx_word' id='word_1_205' title='bbox 492 2235 573 2274; x_wconf 81' lang='lat'>703</span> <span class='ocrx_word' id='word_1_206' title='bbox 606 2246 660 2273; x_wconf 88' lang='lat' dir='ltr'>ex</span> <span class='ocrx_word' id='word_1_207' title='bbox 680 2232 830 2273; x_wconf 87' lang='lat' dir='ltr'>Plinio</span> <span class='ocrx_word' id='word_1_208' title='bbox 852 2233 917 2274; x_wconf 95' lang='lat' dir='ltr'>VI</span> <span class='ocrx_word' id='word_1_209' title='bbox 938 2232 1161 2273; x_wconf 80' lang='lat'>206—210</span> 
     </span>
    </p>
   </div>
   <div class='ocr_carea' id='block_1_15' title="bbox 332 2347 669 2355">
    <p class='ocr_par' dir='ltr' id='par_1_15' title="bbox 332 2347 669 2355">
     <span class='ocr_line' id='line_1_34' title="bbox 332 2347 669 2355; baseline 0 875"><span class='ocrx_word' id='word_1_210' title='bbox 332 2347 669 2355; x_wconf 95' lang='lat' dir='ltr'> </span> 
     </span>
    </p>
   </div>
   <div class='ocr_carea' id='block_1_16' title="bbox 333 2410 1936 2637">
    <p class='ocr_par' dir='ltr' id='par_1_16' title="bbox 333 2410 1936 2637">
     <span class='ocr_line' id='line_1_35' title="bbox 449 2410 1917 2468; baseline -0.002 -12"><span class='ocrx_word' id='word_1_211' title='bbox 449 2418 471 2456; x_wconf 93' lang='lat'>1</span> <span class='ocrx_word' id='word_1_212' title='bbox 503 2415 902 2468; x_wconf 83' lang='lat' dir='ltr'>hietiophagorum</span> <span class='ocrx_word' id='word_1_213' title='bbox 922 2414 964 2454; x_wconf 90' lang='lat' dir='ltr'><em>B</em></span> <span class='ocrx_word' id='word_1_214' title='bbox 993 2414 1389 2467; x_wconf 81' lang='lat' dir='ltr'>yctyophagorum</span> <span class='ocrx_word' id='word_1_215' title='bbox 1409 2415 1447 2454; x_wconf 83' lang='lat' dir='ltr'><em>R</em></span> <span class='ocrx_word' id='word_1_216' title='bbox 1485 2411 1503 2468; x_wconf 89' lang='grc' dir='ltr'>ΙΙ</span> <span class='ocrx_word' id='word_1_217' title='bbox 1543 2417 1568 2456; x_wconf 92' lang='grc'><strong>3</strong></span> <span class='ocrx_word' id='word_1_218' title='bbox 1600 2413 1870 2467; x_wconf 76' lang='lat' dir='ltr'>gordadesh</span> <span class='ocrx_word' id='word_1_219' title='bbox 1896 2410 1917 2467; x_wconf 71' lang='grc' dir='ltr'>Η</span> 
     </span>
     <span class='ocr_line' id='line_1_36' title="bbox 333 2467 1934 2526; baseline -0.001 -14"><span class='ocrx_word' id='word_1_220' title='bbox 333 2473 646 2526; x_wconf 84' lang='lat' dir='ltr'>promuntorio</span> <span class='ocrx_word' id='word_1_221' title='bbox 677 2472 700 2511; x_wconf 85' lang='lat' dir='ltr'><em>b</em></span> <span class='ocrx_word' id='word_1_222' title='bbox 737 2471 1137 2524; x_wconf 85' lang='lat' dir='ltr'>promuncturioR</span> <span class='ocrx_word' id='word_1_223' title='bbox 1182 2467 1202 2524; x_wconf 90' lang='grc' dir='ltr'>ΙΙ</span> <span class='ocrx_word' id='word_1_224' title='bbox 1255 2473 1284 2511; x_wconf 87' lang='lat'>4</span> <span class='ocrx_word' id='word_1_225' title='bbox 1322 2470 1685 2523; x_wconf 84' lang='lat' dir='ltr'>esperucerasB</span> <span class='ocrx_word' id='word_1_226' title='bbox 1723 2481 1934 2523; x_wconf 84' lang='lat' dir='ltr'>espereu-</span> 
     </span>
     <span class='ocr_line' id='line_1_37' title="bbox 337 2523 1935 2580; baseline -0.003 -11"><span class='ocrx_word' id='word_1_227' title='bbox 337 2529 500 2570; x_wconf 83' lang='lat' dir='ltr'>cheras</span> <span class='ocrx_word' id='word_1_228' title='bbox 531 2529 555 2568; x_wconf 78' lang='lat' dir='ltr'><strong><em>b</em></strong></span> <span class='ocrx_word' id='word_1_229' title='bbox 603 2531 897 2579; x_wconf 84' lang='lat' dir='ltr'>esperuteras</span> <span class='ocrx_word' id='word_1_230' title='bbox 927 2527 966 2567; x_wconf 89' lang='lat' dir='ltr'><em>R</em></span> <span class='ocrx_word' id='word_1_231' title='bbox 1013 2524 1032 2580; x_wconf 81' lang='grc' dir='ltr'>Η</span> <span class='ocrx_word' id='word_1_232' title='bbox 1089 2528 1113 2567; x_wconf 81' lang='lat'><strong>7</strong></span> <span class='ocrx_word' id='word_1_233' title='bbox 1158 2530 1486 2567; x_wconf 84' lang='lat' dir='ltr'>mauretaneae</span> <span class='ocrx_word' id='word_1_234' title='bbox 1517 2525 1578 2566; x_wconf 86' lang='lat' dir='ltr'>B¹</span> <span class='ocrx_word' id='word_1_235' title='bbox 1626 2523 1646 2580; x_wconf 79' lang='lat' dir='ltr'>U</span> <span class='ocrx_word' id='word_1_236' title='bbox 1694 2527 1720 2566; x_wconf 90' lang='lat'>8</span> <span class='ocrx_word' id='word_1_237' title='bbox 1763 2526 1935 2566; x_wconf 88' lang='lat' dir='ltr'>Norion</span> 
     </span>
     <span class='ocr_line' id='line_1_38' title="bbox 335 2580 1936 2637; baseline -0.002 -11"><span class='ocrx_word' id='word_1_238' title='bbox 335 2585 504 2626; x_wconf 79' lang='lat' dir='ltr'>Solinus</span> <span class='ocrx_word' id='word_1_239' title='bbox 523 2581 971 2637; x_wconf 59' lang='lat' dir='ltr'>p.230,1620ndrion</span> <span class='ocrx_word' id='word_1_240' title='bbox 986 2584 1117 2623; x_wconf 82' lang='lat' dir='ltr'>Plinii</span> <span class='ocrx_word' id='word_1_241' title='bbox 1135 2583 1232 2624; x_wconf 85' lang='lat' dir='ltr'>libri</span> <span class='ocrx_word' id='word_1_242' title='bbox 1265 2580 1283 2636; x_wconf 91' lang='grc' dir='ltr'>ΙΙ</span> <span class='ocrx_word' id='word_1_243' title='bbox 1318 2585 1343 2624; x_wconf 86' lang='grc'><strong>9</strong></span> <span class='ocrx_word' id='word_1_244' title='bbox 1365 2584 1417 2623; x_wconf 85' lang='lat' dir='ltr'>de</span> <span class='ocrx_word' id='word_1_245' title='bbox 1434 2582 1620 2623; x_wconf 90' lang='lat' dir='ltr'>Theode</span> <span class='ocrx_word' id='word_1_246' title='bbox 1637 2583 1694 2632; x_wconf 83' lang='lat' dir='ltr'>cf.</span> <span class='ocrx_word' id='word_1_247' title='bbox 1705 2581 1936 2622; x_wconf 77' lang='lat' dir='ltr'>Salmasius</span> 
     </span>
    </p>
   </div>
   <div class='ocr_carea' id='block_1_17' title="bbox 334 2639 1937 2919">
    <p class='ocr_par' dir='ltr' id='par_1_17' title="bbox 334 2639 1937 2919">
     <span class='ocr_line' id='line_1_39' title="bbox 335 2639 1937 2707; baseline -0.002 -12"><span class='ocrx_word' id='word_1_248' title='bbox 335 2656 396 2694; x_wconf 81' lang='lat' dir='ltr'>ad</span> <span class='ocrx_word' id='word_1_249' title='bbox 413 2654 598 2695; x_wconf 85' lang='lat' dir='ltr'>Solinum</span> <span class='ocrx_word' id='word_1_250' title='bbox 618 2656 685 2703; x_wconf 89' lang='grc'>56,</span> <span class='ocrx_word' id='word_1_251' title='bbox 710 2657 764 2693; x_wconf 87' lang='grc'>16</span> <span class='ocrx_word' id='word_1_252' title='bbox 801 2651 820 2707; x_wconf 85' lang='grc' dir='ltr'>Η</span> <span class='ocrx_word' id='word_1_253' title='bbox 861 2655 912 2694; x_wconf 89' lang='grc'>19</span> <span class='ocrx_word' id='word_1_254' title='bbox 934 2652 1062 2693; x_wconf 85' lang='lat' dir='ltr'>milia</span> <span class='ocrx_word' id='word_1_255' title='bbox 1083 2654 1183 2693; x_wconf 85' lang='lat' dir='ltr'>add.</span> <span class='ocrx_word' id='word_1_256' title='bbox 1205 2667 1234 2704; x_wconf 85' lang='lat' dir='ltr'>p</span> <span class='ocrx_word' id='word_1_257' title='bbox 1273 2649 1293 2706; x_wconf 84' lang='grc' dir='ltr'>Η</span> <span class='ocrx_word' id='word_1_258' title='bbox 1331 2655 1383 2694; x_wconf 89' lang='grc'>21</span> <span class='ocrx_word' id='word_1_259' title='bbox 1407 2653 1531 2693; x_wconf 89' lang='lat' dir='ltr'>sinos</span> <span class='ocrx_word' id='word_1_260' title='bbox 1550 2653 1589 2692; x_wconf 88' lang='lat' dir='ltr'><em>R</em></span> <span class='ocrx_word' id='word_1_261' title='bbox 1612 2648 1636 2706; x_wconf 82' lang='lat' dir='ltr'>fl</span> <span class='ocrx_word' id='word_1_262' title='bbox 1678 2639 1741 2693; x_wconf 41' lang='lat' dir='ltr'>C]</span> <span class='ocrx_word' id='word_1_263' title='bbox 1759 2651 1937 2692; x_wconf 90' lang='lat' dir='ltr'>LV1111</span> 
     </span>
     <span class='ocr_line' id='line_1_40' title="bbox 335 2718 1917 2778; baseline -0.002 -14"><span class='ocrx_word' id='word_1_264' title='bbox 335 2724 383 2764; x_wconf 95' lang='lat' dir='ltr'>M</span> <span class='ocrx_word' id='word_1_265' title='bbox 412 2737 455 2777; x_wconf 89' lang='lat' dir='ltr'>p.</span> <span class='ocrx_word' id='word_1_266' title='bbox 487 2725 654 2764; x_wconf 81' lang='lat' dir='ltr'>Plinius</span> <span class='ocrx_word' id='word_1_267' title='bbox 682 2724 753 2764; x_wconf 90' lang='lat' dir='ltr'>VI</span> <span class='ocrx_word' id='word_1_268' title='bbox 778 2726 864 2763; x_wconf 87' lang='lat'>207</span> <span class='ocrx_word' id='word_1_269' title='bbox 909 2720 928 2778; x_wconf 79' lang='lat' dir='ltr'>{l</span> <span class='ocrx_word' id='word_1_270' title='bbox 974 2726 1028 2764; x_wconf 90' lang='grc'>22</span> <span class='ocrx_word' id='word_1_271' title='bbox 1060 2724 1295 2765; x_wconf 89' lang='lat' dir='ltr'>CLXXIII</span> <span class='ocrx_word' id='word_1_272' title='bbox 1313 2754 1323 2764; x_wconf 94' lang='lat'>.</span> <span class='ocrx_word' id='word_1_273' title='bbox 1341 2723 1420 2764; x_wconf 89' lang='lat' dir='ltr'>XC</span> <span class='ocrx_word' id='word_1_274' title='bbox 1451 2724 1499 2763; x_wconf 92' lang='lat' dir='ltr'>M</span> <span class='ocrx_word' id='word_1_275' title='bbox 1526 2737 1568 2776; x_wconf 91' lang='lat' dir='ltr'>p.</span> <span class='ocrx_word' id='word_1_276' title='bbox 1591 2723 1754 2762; x_wconf 77' lang='lat' dir='ltr'>Plinius</span> <span class='ocrx_word' id='word_1_277' title='bbox 1781 2723 1807 2762; x_wconf 84' lang='lat' dir='ltr'>l.</span> <span class='ocrx_word' id='word_1_278' title='bbox 1829 2724 1856 2762; x_wconf 86' lang='lat' dir='ltr'>l.</span> <span class='ocrx_word' id='word_1_279' title='bbox 1897 2718 1917 2776; x_wconf 84' lang='grc' dir='ltr'>Η</span> 
     </span>
     <span class='ocr_line' id='line_1_41' title="bbox 334 2788 1932 2846; baseline -0.002 -13"><span class='ocrx_word' id='word_1_280' title='bbox 334 2795 391 2834; x_wconf 88' lang='grc'>24</span> <span class='ocrx_word' id='word_1_281' title='bbox 423 2793 734 2834; x_wconf 86' lang='lat' dir='ltr'>cuirenaicam</span> <span class='ocrx_word' id='word_1_282' title='bbox 753 2794 792 2833; x_wconf 85' lang='lat' dir='ltr'><em>R</em></span> <span class='ocrx_word' id='word_1_283' title='bbox 822 2793 1138 2845; x_wconf 83' lang='lat' dir='ltr'>quirenaicam</span> <span class='ocrx_word' id='word_1_284' title='bbox 1158 2794 1201 2834; x_wconf 92' lang='lat' dir='ltr'><em>B</em></span> <span class='ocrx_word' id='word_1_285' title='bbox 1233 2793 1511 2834; x_wconf 84' lang='lat' dir='ltr'>sirenaicam</span> <span class='ocrx_word' id='word_1_286' title='bbox 1546 2792 1569 2832; x_wconf 84' lang='lat' dir='ltr'><strong><em>b</em></strong></span> <span class='ocrx_word' id='word_1_287' title='bbox 1610 2788 1629 2846; x_wconf 82' lang='grc' dir='ltr'>ΙΙ</span> <span class='ocrx_word' id='word_1_288' title='bbox 1667 2793 1722 2833; x_wconf 84' lang='grc'>25</span> <span class='ocrx_word' id='word_1_289' title='bbox 1751 2793 1932 2834; x_wconf 86' lang='lat' dir='ltr'>Lxm.</span> 
     </span>
     <span class='ocr_line' id='line_1_42' title="bbox 335 2860 1920 2919; baseline 0.003 -18"><span class='ocrx_word' id='word_1_290' title='bbox 335 2862 538 2904; x_wconf 82' lang='lat' dir='ltr'>DCCCL</span> <span class='ocrx_word' id='word_1_291' title='bbox 569 2862 630 2903; x_wconf 78' lang='grc' dir='ltr'>Β1</span> <span class='ocrx_word' id='word_1_292' title='bbox 663 2863 835 2917; x_wconf 89' lang='lat' dir='ltr'>(LXIII</span> <span class='ocrx_word' id='word_1_293' title='bbox 853 2896 864 2907; x_wconf 88' lang='lat'>.</span> <span class='ocrx_word' id='word_1_294' title='bbox 880 2864 1048 2906; x_wconf 92' lang='lat' dir='ltr'>LXXV</span> <span class='ocrx_word' id='word_1_295' title='bbox 1069 2865 1116 2904; x_wconf 93' lang='lat' dir='ltr'>M</span> <span class='ocrx_word' id='word_1_296' title='bbox 1136 2877 1180 2917; x_wconf 86' lang='lat' dir='ltr'>p.</span> <span class='ocrx_word' id='word_1_297' title='bbox 1198 2864 1359 2904; x_wconf 81' lang='lat' dir='ltr'>Plinius</span> <span class='ocrx_word' id='word_1_298' title='bbox 1381 2862 1454 2903; x_wconf 90' lang='lat' dir='ltr'>VI</span> <span class='ocrx_word' id='word_1_299' title='bbox 1465 2860 1567 2914; x_wconf 86' lang='lat'><em>209)</em></span> <span class='ocrx_word' id='word_1_300' title='bbox 1603 2862 1622 2919; x_wconf 83' lang='grc' dir='ltr'>Η</span> <span class='ocrx_word' id='word_1_301' title='bbox 1658 2864 1717 2906; x_wconf 84' lang='grc'><strong>3.(1</strong></span> <span class='ocrx_word' id='word_1_302' title='bbox 1736 2877 1816 2907; x_wconf 90' lang='lat' dir='ltr'>om.</span> <span class='ocrx_word' id='word_1_303' title='bbox 1831 2864 1871 2906; x_wconf 76' lang='lat' dir='ltr'><em>R</em></span> <span class='ocrx_word' id='word_1_304' title='bbox 1896 2861 1920 2918; x_wconf 80' lang='lat' dir='ltr'>ss</span> 
     </span>
    </p>
   </div>
   <div class='ocr_carea' id='block_1_18' title="bbox 1053 2710 1305 2716">
    <p class='ocr_par' dir='ltr' id='par_1_18' title="bbox 1053 2710 1305 2716">
     <span class='ocr_line' id='line_1_43' title="bbox 1053 2710 1305 2716; baseline 0 0"><span class='ocrx_word' id='word_1_305' title='bbox 1053 2710 1305 2716; x_wconf 95' lang='lat' dir='ltr'> </span> 
     </span>
    </p>
   </div>
   <div class='ocr_carea' id='block_1_19' title="bbox 674 2852 844 2857">
    <p class='ocr_par' dir='ltr' id='par_1_19' title="bbox 674 2852 844 2857">
     <span class='ocr_line' id='line_1_44' title="bbox 674 2852 844 2857; baseline 0 0"><span class='ocrx_word' id='word_1_306' title='bbox 674 2852 844 2857; x_wconf 95' lang='lat' dir='ltr'> </span> 
     </span>
    </p>
   </div>
  </div>
 </body>
</html>
