1982 3230
279 104 387 157 204
760 102 1058 144 MARTIANI
1081 103 1402 146 OAPELLAE

282 247 473 295 initium
511 242 661 292 habet
695 259 721 292 a
759 243 907 293 solari
941 249 1076 300 ortu,
1123 243 1200 306 illa
1237 245 1434 295 incohat
1467 261 1494 294 a
1528 245 1650 296 lucis
1687 261 1880 307 occasu,
1955 238 1958 242 ⁴

169 332 253 372 604
285 330 428 380 quem
458 312 697 362 circulum
726 313 900 363 Graeci
933 313 1187 364 horizonta
1211 315 1491 379 perhibent.
1565 331 1742 366 uerum
1767 318 1880 380 quia

282 385 391 433 illae
411 398 564 432 zonae
584 382 936 433 uolubilitatem
960 385 1212 448 utriusque
1228 387 1381 450 partis
1406 385 1679 445 includunt,
1707 386 1878 437 decem

281 455 530 518 utrimque
551 452 735 502 circulo
756 469 844 503 suo
873 453 1055 506 faciunt
1080 457 1323 518 regiones,
1353 473 1379 506 e
1401 456 1735 520 quibuszhaec,
1755 471 1882 522 quae

285 539 310 573 a
339 524 481 573 nohis
515 523 781 581 habitatur,
819 530 894 573 est
929 539 1026 574 una
1054 531 1198 589 atque
1225 525 1284 575 ad
1325 526 1601 591 aquilonem
1635 542 1810 577 uersus
1834 532 1884 577 et
1925 538 1947 572 5

282 600 470 658 septem
511 595 700 643 triones
738 594 982 651 ascendit,
1032 594 1183 645 altera
1211 611 1336 661 quae
1370 598 1618 646 contrario
1645 597 1705 646 ad
1733 597 1882 647 meri·

282 665 411 714 diem
440 669 586 727 atque
612 670 829 713 austrum
855 665 1027 722 fertur,
1057 679 1201 728 quam
1226 666 1450 716 habitare
1474 666 1544 715 illi
1569 668 1884 716 aestimantur

169 742 252 782 605
283 736 363 799 qui
399 740 639 784 uocantur
676 732 928 786 ἀντοῑκοι.
1005 736 1227 785 similiter
1274 752 1332 786 ex
1378 737 1704 786 infernatibus
1742 737 1882 786 duae.

283 805 369 854 sed
395 804 445 852 hi
472 806 555 868 qui
581 803 725 854 nobis
762 804 957 854 obuersi
993 806 1247 869 antipodes
1281 812 1630 865 memorantur,
1658 808 1742 872 qui
1768 820 1885 855 con—

282 882 359 923 tra
385 873 494 922 illos
514 889 638 938 quos
666 872 945 925 ἀντοίκουε
966 875 1190 934 diximuS,
1219 874 1529 939 ἀντίχθονεε
1556 875 1882 941 appellantur.
1906 888 1975 922 10-

284 944 367 993 sed
397 959 488 992 nos
514 959 625 993 cum
653 943 747 993 illis
774 944 1033 994 diuersitas
1058 953 1334 1009 temporum
1372 946 1506 996 uelut
1532 946 1741 1010 quadam
1769 960 1886 995 con-

285 1016 537 1063 trarietate
584 1013 904 1063 discriminat.
979 1029 1093 1063 nam
1131 1031 1241 1065 cum
1289 1022 1472 1064 aestate
1516 1022 1780 1074 torremur,
1817 1014 1887 1064 illi

282 1085 468 1146 frigore
500 1083 881 1140 contrahuntur3
919 1099 1034 1132 nam
1061 1100 1170 1134 cum
1199 1085 1278 1133 hic
1303 1100 1393 1133 uer
1418 1085 1644 1148 pubescit
1667 1084 1886 1134 florentie

284 1154 377 1203 bus
403 1154 571 1218 pratiS‚
600 1152 698 1202 illic
726 1154 935 1204 edomita
963 1161 1120 1204 aestas
1145 1154 1401 1218 teporibus
1428 1155 1779 1210 autumnascit3
1806 1154 1887 1203 hic

284 1224 489 1281 bruma,
518 1223 774 1273 solstitium
804 1224 902 1273 illic
929 1230 1157 1288 apparet;
1195 1224 1338 1274 nobis
1364 1227 1542 1274 Arctoa
1567 1225 1750 1275 lumina
1778 1238 1884 1289 spe·
1908 1236 1952 1269 15

173 1299 255 1340 606
288 1301 420 1343 ctare
470 1295 790 1357 permissum,
852 1294 945 1343 illis
993 1296 1189 1358 penitus
1239 1296 1548 1358 denegatum.
1635 1294 1888 1359 antipodes

286 1370 450 1413 autem
476 1365 633 1412 nostri
660 1378 810 1412 unum
838 1364 1095 1414 nobiscum
1120 1371 1330 1413 tractum
1356 1366 1614 1430 perferunt
1638 1365 1814 1414 hiemis
1840 1369 1888 1413 et

285 1433 592 1497 flagrantiam
621 1436 895 1483 communis
921 1436 1131 1489 aestatis,
1161 1435 1246 1484 sed
1272 1441 1466 1484 noctem
1488 1436 1732 1485 diuersam
1760 1434 1887 1483 dies-

287 1519 381 1568 que
417 1504 719 1560 contrarios;
757 1503 942 1553 scilicet
976 1511 1156 1554 aestate
1191 1504 1334 1554 nobis
1361 1505 1571 1568 grandes
1598 1505 1702 1553 dies
1735 1501 1885 1567 proli-

286 1589 474 1637 xaeque
507 1574 668 1621 hieme
703 1580 898 1631 nocteS,
943 1574 1038 1623 illis
1076 1580 1259 1624 aestate
1306 1574 1517 1637 grandes
1561 1580 1732 1623 noctes
1766 1588 1882 1638 pro·
1909 1586 1969 1618 20-

136 1651 265 1691 1976
284 1639 467 1707 lixique
516 1642 680 1692 hieme
731 1643 835 1693 dies
893 1644 1133 1708 nobisque
1192 1645 1475 1708 septemtrio
1537 1642 1887 1708 conspicabilis

287 1713 396 1762 illos
422 1712 570 1762 lateat
596 1710 700 1761 s'ine
727 1714 839 1763 fine.
899 1716 963 1763 ita
993 1715 1135 1763 etiam
1162 1714 1237 1762 his
1263 1715 1345 1778 qui
1372 1712 1607 1765 ἀντοῑκοι
1631 1719 1886 1769 uocantur,

289 1783 545 1848 antipodes
579 1784 653 1831 sui
690 1790 920 1846 quattuor
956 1784 1069 1833 anni
1106 1791 1329 1848 tempora
1375 1799 1560 1833 nouere
1596 1783 1887 1839 communia,

290 1869 346 1902 ac
371 1853 538 1917 polum
580 1854 663 1916 qui
690 1860 764 1902 est
789 1854 849 1902 ad
885 1860 1123 1911 austrum,
1161 1854 1475 1917 antipodibus
1512 1854 1614 1903 suis
1649 1852 1889 1917 nobisque

175 1931 256 1971 607
287 1926 484 1988 penitus
518 1923 797 1986 ignoratum
834 1924 923 1973 soli
969 1925 1254 1988 suspiciunt.
1331 1925 1412 1988 qui
1448 1929 1608 1973 autem
1644 1924 1696 1971 in
1729 1921 1887 1971 media
1908 1934 1954 1968 2⁵

168 1989 170 1991 ’
288 1994 451 2043 fascea
491 1998 624 2049 sunt,
665 1993 743 2042 his
782 1994 961 2042 cotidie
1000 1999 1137 2050 ortus
1175 2009 1478 2058 occasusque
1515 1997 1790 2049 mutantur,
1841 1997 1889 2040 et

289 2078 438 2127 supra
465 2076 588 2126 quos
615 2061 687 2110 sol
715 2068 788 2112 est
812 2063 887 2112 his
908 2064 1048 2112 citius
1075 2065 1293 2113 exoritur
1318 2064 1602 2128 tardiusque
1629 2067 1889 2111 mersatur.

290 2129 632 2196 aequinoctiali
666 2138 827 2181 autem
863 2139 1087 2197 tempore
1125 2139 1173 2181 et
1207 2134 1371 2182 oriens
1410 2140 1457 2182 et
1493 2133 1722 2182 occidens
1757 2131 1889 2180 simi-

289 2201 399 2252 liter
426 2199 684 2266 apparebit
710 2216 872 2265 neque
899 2201 994 2252 ulla
1031 2207 1160 2252 astra
1187 2209 1301 2252 sunt
1326 2217 1448 2266 quae
1483 2201 1678 2251 illorum
1706 2200 1886 2250 obtuti-

406 2361 427 2398 1
458 2358 616 2399 incoat
637 2360 719 2402 BR
747 2359 935 2400 inchoat
960 2372 984 2397 r
1079 2359 1104 2398 2
1136 2358 1388 2398 orizontam
1408 2356 1489 2397 BR
1519 2356 1770 2396 orizontem
1790 2355 1814 2395 b
1850 2351 1875 2409 Π

292 2420 317 2458 3
348 2418 504 2468 partes
524 2414 563 2455 R
610 2414 629 2470 Η
677 2419 705 2457 4
733 2418 915 2467 utrique
938 2415 974 2454 R
1090 2427 1113 2454 e
1134 2420 1232 2465 post
1254 2426 1370 2466 quae
1392 2414 1493 2453 add.
1511 2426 1543 2464 p
1584 2409 1603 2466 ΙΙ
1652 2413 1705 2452 10
1733 2408 1890 2452 ΑΝΤΙ-

290 2470 442 2513 kOYc
471 2472 554 2512 BR
593 2471 613 2526 Η
649 2468 1017 2514 ΑΝΤΙΚΤΟΝΕ(
1043 2471 1086 2511 Β
1123 2466 1454 2511 ΑΝΤΙΚΟΝΕΕ
1482 2468 1521 2508 R
1567 2465 1586 2522 ΙΙ
1635 2469 1775 2521 Iliad
1797 2465 1892 2508 illis

291 2530 391 2582 add.
425 2527 475 2569 al
505 2529 563 2568 ab
595 2529 620 2568 b
666 2526 687 2584 Η
737 2530 788 2568 14
811 2528 1175 2568 autumnescitR
1221 2522 1241 2579 ΙΙ
1291 2526 1343 2566 15
1379 2527 1507 2565 arcto
1528 2525 1566 2564 R
1613 2520 1632 2576 Η
1681 2524 1734 2565 19
1762 2522 1890 2564 scili-

293 2589 367 2625 cet
396 2586 555 2636 scripsi
580 2584 694 2626 licet
727 2584 804 2625 BR
857 2580 877 2638 {J
928 2583 1060 2623 nobis
1089 2597 1166 2625 om.
1190 2581 1290 2622 B¹R
1336 2578 1355 2634 [l
1405 2582 1456 2621 19
1486 2579 1779 2633 prolixasque
1809 2578 1892 2619 BR

294 2642 407 2693 quod
435 2643 613 2681 correxi
648 2639 667 2695 ΙΙ
711 2643 766 2682 20
796 2640 959 2692 hyeme
981 2652 1057 2681 om.
1081 2638 1180 2679 B¹R
1218 2635 1236 2691 ΙΙ
1275 2636 1370 2677 illis
1392 2639 1572 2677 aestate
1593 2633 1789 2687 grandes
1810 2646 1889 2675 no-

295 2701 391 2737 ctes
434 2696 730 2750 prolixosque
769 2695 1042 2750 (prolixique
1090 2693 1263 2747 scripsi)
1321 2693 1481 2745 hyeme
1518 2691 1615 2731 dies
1659 2691 1702 2730 in
1754 2702 1888 2742 maryt
1973 2721 1982 2726 .

294 2754 393 2796 add.
432 2753 456 2792 b
500 2766 576 2794 om.
614 2753 695 2794 BR
743 2750 763 2807 Η
824 2754 877 2792 22
908 2758 1007 2792 ante
1035 2751 1186 2792 lateat
1213 2763 1289 2790 om.
1316 2748 1420 2788 illos
1455 2745 1515 2787 Β1
1548 2746 1641 2786 illis
1672 2759 1749 2787 om.
1771 2744 1824 2786 R¹
1876 2742 1891 2795 ΙΙ

294 2809 347 2848 23
378 2810 437 2849 ad
456 2809 697 2861 antipodes
729 2810 830 2850 add.
854 2821 895 2860 q.
918 2808 941 2847 b
981 2804 999 2860 ΙΙ
1038 2809 1099 2848 ad
1117 2807 1211 2848 suis
1233 2806 1333 2848 add.
1355 2803 1405 2844 a}
1424 2802 1591 2843 nostris
1612 2802 1635 2841 b
1683 2799 1703 2855 ll
1750 2802 1805 2842 25
1834 2802 1894 2841 ad

293 2862 380 2902 soli
408 2866 507 2906 add.
531 2865 601 2904 illi
633 2866 672 2905 b·
705 2861 726 2919 H
774 2864 1031 2916 suscipiunt
1055 2864 1097 2904 'R
1144 2860 1164 2916 ll
