1982 3230
181 36 193 55 ‘a

102 66 142 88 ,ΙΨ
178 66 209 77 ‘is

742 113 930 155 LIBER
951 113 1087 155 VIIII
1614 110 1718 164 331

16 246 25 262 ²
106 269 255 320 supra
285 255 426 306 dictis
452 255 672 320 inportat
707 254 872 304 radius
900 253 1028 305 Solis
1054 252 1338 317 adfulgens‚
1378 254 1464 319 qui
1490 268 1572 304 eas
1597 268 1717 319 per-

10 1853 81 1922 ῚἿ,15

106 326 296 376 cutiens
333 332 417 376 aut
450 325 500 374 in
536 323 747 374 sublime
785 324 907 374 tollit
947 330 1030 374 aut
1065 325 1114 374 in
1151 324 1452 389 profundum
1488 324 1720 391 deprimit

100 402 188 447 aut
214 398 263 447 in
288 395 592 446 latitudinem
621 394 870 445 declinare
896 401 979 445 aut
1005 395 1340 459 retrogradari
1363 395 1512 445 facit?

1329 523 1409 536 *en—-
1423 515 1581 539 ⁴301..-

657 800 921 861 LIBER
964 800 1159 862 VIIII

639 1005 766 1072 DE
833 1005 1178 1074 MVSICA

314 1280 588 1329 instaurare
615 1280 752 1330 iubet
758 1281 1180 1376 Q
1205 1281 1386 1330 Venus.

243 1349 372 1414 ‘quis
399 1350 593 1399 modus'
620 1352 778 1415 inquit
825 1351 949 1400 erit?
989 1366 1202 1415 quonam
1230 1349 1450 1400 sollertia
1477 1351 1574 1400 fine

313 1419 570 1485 inpedient
596 1420 838 1471 thalamos
864 1420 1040 1471 ludere
1066 1421 1351 1486 gymnasia?

247 1489 459 1554 deriguit
485 1492 640 1540 comis
666 1490 959 1558 blandisque
985 1491 1187 1542 adsueta
1214 1490 1466 1558 Voluptas,

312 1569 360 1610 et
384 1567 552 1611 noster
578 1560 766 1625 pallens
793 1562 1042 1612 contrahit
1070 1578 1157 1612 ora
1184 1578 1326 1627 puer.

242 1630 347 1694 ipsa
374 1632 518 1681 etiam
547 1631 718 1682 fulcris
744 1632 1035 1682 redimicula
1063 1640 1264 1682 nectere
1290 1640 1427 1682 sueta

313 1700 458 1750 Flora
486 1701 666 1752 decens
692 1704 818 1752 trina
846 1705 986 1753 anxia
1015 1718 1130 1752 cum
1157 1702 1355 1753 Charite
1385 1710 1474 1753 est.

243 1785 336 1820 nec
362 1770 593 1821 melicum
619 1774 820 1823 recinen
874 1772 1156 1822 modulatur
1182 1772 1301 1822 tibia
1328 1788 1548 1830 carmen,

316 1839 447 1907 <nec
473 1841 629 1891 dulcis
656 1849 862 1908 temptat
886 1842 1097 1906 psallere
1122 1842 1449 1907 Melpomene.
1722 1890 1746 1921 ‚

244 1913 407 1961 omnia
434 1927 559 1977 quae
586 1918 763 1962 tenero
790 1915 944 1963 moris
970 1914 1397 1964 seruescereludo
1459 1915 1478 1942 ι
1502 1919 1567 1952 “⁸
1579 1904 1718 1975 “⁶²⁴5

312 1983 364 2030 in
390 1982 640 2032 cumulum
669 1983 842 2033 doctae
868 1986 1007 2034 uocis
1033 1983 1223 2034 honore
1248 1989 1427 2040 tacent,

243 2066 335 2101 nec
362 2051 521 2102 Suada
550 2053 814 2105 inlecebris
841 2053 1085 2120 sponsalia
1112 2062 1315 2118 pectora
1342 2055 1526 2106 mulcet
1542 2055 1593 2121 ;>

312 2136 406 2172 nec
433 2123 638 2173 Stimula
666 2125 860 2174 intenso
887 2124 1038 2175 allicit
1063 2124 1262 2245 {culeoz

245 2193 363 2257 quin
391 2193 534 2243 etiam
562 2194 800 2246 interulos
825 2195 1045 2261 gaudens
1105 2196 1201 2245 isso
1225 2212 1344 2246 uere
1371 2208 1527 2247 nexus
1579 2187 1608 2215 ⁸
1625 2184 1812 2256 ‘’mun''

215 2362 237 2401 1
270 2361 413 2402 radiis
444 2375 469 2401 r
493 2360 527 2416 [1
566 2365 591 2403 2
622 2363 749 2404 tollit
779 2377 858 2407 om.
881 2362 942 2404 B¹
982 2361 1001 2418 [l
1041 2363 1164 2404 tollit
1186 2367 1267 2405 aut
1288 2365 1529 2405 in-faeit
1550 2378 1628 2408 om.
1652 2364 1714 2412 B*

101 2417 182 2456 aut
221 2416 269 2456 in
301 2439 355 2446 —-
385 2418 503 2458 facit
538 2431 616 2459 om.
648 2420 686 2460 R
753 2418 772 2473 Η
838 2415 1140 2460 MARTIANI
1179 2421 1400 2461 MINNEI
1441 2419 1640 2472 (MINEI
1670 2421 1713 2476 b)

98 2471 155 2511 F.
189 2470 240 2511 C.
279 2472 362 2513 DE
401 2472 838 2516 ASTRONOMICA
875 2475 1061 2516 LIBER
1091 2476 1203 2517 VIII
1241 2477 1407 2516 FINIT
1447 2480 1490 2517 in
1516 2476 1582 2529 B,
1614 2479 1718 2519 nihil

28 2538 34 2543 ·
97 2528 378 2581 subsmptum
408 2531 451 2570 in
471 2530 509 2570 R
548 2526 566 2583 Η
605 2532 632 2570 4
660 2530 842 2572 INCIP.
874 2532 957 2571 DE
989 2532 1267 2572 ARMONIA
1298 2534 1340 2572 in
1361 2532 1417 2584 B,
1451 2534 1555 2574 nihil
1582 2535 1714 2575 inser.

66 2589 94 2724 l

97 2585 144 2624 in
173 2584 212 2625 R
268 2582 287 2639 ΙΙ
346 2587 370 2625 7
409 2585 651 2637 hymeneia
683 2588 825 2628 deleta
854 2587 871 2627 i
899 2589 944 2634 in
972 2601 1062 2628 ras.
1093 2588 1135 2628 B
1174 2588 1433 2641 hymenaea
1459 2591 1499 2631 R
1539 2593 1585 2631 te
1618 2591 1715 2643 Hy·

99 2652 291 2682 menaee
322 2641 527 2682 Heinsius
548 2644 591 2682 in
621 2642 858 2683 Burmanni
888 2642 1038 2684 Ouidio
1070 2644 1096 2683 I
1119 2646 1200 2685 186
1241 2642 1259 2698 [Ι
1299 2645 1325 2684 8
1356 2645 1428 2686 uis
1451 2645 1494 2686 B
1531 2643 1554 2700 Π
1605 2659 1715 2699 quo-

98 2697 227 2736 niam
246 2697 286 2737 R
324 2694 343 2751 Η
384 2699 435 2738 11
467 2699 670 2739 contrait
698 2698 799 2739 B¹R
838 2696 858 2753 [l
898 2700 949 2739 12
981 2699 1174 2740 fulchris
1196 2701 1234 2741 R
1264 2707 1306 2741 et
1325 2703 1388 2742 sic
1407 2703 1575 2755 legebat
1591 2704 1713 2744 scho-

99 2752 228 2792 lias-ta
255 2752 476 2795 quenalis
504 2755 574 2794 VI
601 2758 658 2795 22
714 2752 734 2808 ΙΙ
794 2757 846 2796 13
885 2756 1004 2796 trina
1035 2755 1175 2796 Flora
1215 2757 1384 2797 decens
1423 2759 1637 2800 Vonekius
1676 2756 1695 2813 ΙΙ

102 2807 247 2849 carite
277 2809 316 2850 R
355 2810 554 2852 caritate
587 2810 642 2851 B¹
695 2808 714 2864 ΙΙ
764 2812 816 2851 14
853 2812 1052 2852 reticens
1083 2813 1132 2852 rb
1188 2810 1207 2866 Η
1269 2815 1319 2854 19
1360 2815 1540 2856 intenso
1575 2817 1719 2858 Grotii

98 2875 244 2917 maryo
282 2865 475 2908 incensa
506 2867 530 2907 b
568 2868 759 2908 incenso
792 2868 829 2908 R
865 2865 885 2921 Η
924 2870 979 2909 20
1010 2881 1203 2909 renexus
1226 2869 1279 2910 13¹
1321 2868 1341 2924 Η

245 1209 346 1259 Iam
373 1209 563 1259 facibus
590 1210 744 1260 lassos
770 1218 998 1276 spectans
1024 1210 1361 1261 marcentibus
1386 1211 1527 1274 ignes
1736 1182 1874 1280 3808185
