<?xml version="1.0" encoding="UTF-8"?>
<!DOCTYPE html PUBLIC "-//W3C//DTD XHTML 1.0 Transitional//EN"
    "http://www.w3.org/TR/xhtml1/DTD/xhtml1-transitional.dtd">
<html xmlns="http://www.w3.org/1999/xhtml" xml:lang="en" lang="en">
 <head>
  <title>
</title>
<meta http-equiv="Content-Type" content="text/html;charset=utf-8" />
  <meta name='ocr-system' content='tesseract 3.04.00' />
  <meta name='ocr-capabilities' content='ocr_page ocr_carea ocr_par ocr_line ocrx_word'/>
</head>
<body>
  <div class='ocr_page' id='page_1' title='image "./martianvscapella00martuoft_0311.png"; bbox 0 0 1982 3230; ppageno 0'>
   <div class='ocr_carea' id='block_1_1' title="bbox 744 82 1694 137">
    <p class='ocr_par' dir='ltr' id='par_1_1' title="bbox 744 82 1694 137">
     <span class='ocr_line' id='line_1_1' title="bbox 744 82 1694 137; baseline 0.013 -12"><span class='ocrx_word' id='word_1_1' title='bbox 744 84 932 126; x_wconf 81' lang='lat' dir='ltr'><strong>LIBER</strong></span> <span class='ocrx_word' id='word_1_2' title='bbox 965 84 1027 125; x_wconf 80' lang='lat' dir='ltr'>VI</span> <span class='ocrx_word' id='word_1_3' title='bbox 1588 82 1694 137; x_wconf 79' lang='lat'>237</span> 
     </span>
    </p>
   </div>
   <div class='ocr_carea' id='block_1_2' title="bbox 23 225 1847 1625">
    <p class='ocr_par' dir='ltr' id='par_1_2' title="bbox 40 225 1847 854">
     <span class='ocr_line' id='line_1_2' title="bbox 85 225 1847 289; baseline -0.002 -10"><span class='ocrx_word' id='word_1_4' title='bbox 85 230 246 279; x_wconf 90' lang='lat' dir='ltr'>trione</span> <span class='ocrx_word' id='word_1_5' title='bbox 271 225 487 276; x_wconf 88' lang='lat' dir='ltr'>Pontica.</span> <span class='ocrx_word' id='word_1_6' title='bbox 563 225 612 274; x_wconf 92' lang='lat' dir='ltr'>in</span> <span class='ocrx_word' id='word_1_7' title='bbox 637 226 863 289; x_wconf 87' lang='lat' dir='ltr'>proximo</span> <span class='ocrx_word' id='word_1_8' title='bbox 890 225 1031 275; x_wconf 87' lang='lat' dir='ltr'>Caria</span> <span class='ocrx_word' id='word_1_9' title='bbox 1059 230 1158 283; x_wconf 89' lang='lat' dir='ltr'>est,</span> <span class='ocrx_word' id='word_1_10' title='bbox 1187 240 1302 274; x_wconf 84' lang='lat' dir='ltr'>mox</span> <span class='ocrx_word' id='word_1_11' title='bbox 1328 225 1461 275; x_wconf 92' lang='lat' dir='ltr'>Ionia</span> <span class='ocrx_word' id='word_1_12' title='bbox 1489 232 1539 276; x_wconf 90' lang='lat' dir='ltr'>et</span> <span class='ocrx_word' id='word_1_13' title='bbox 1562 225 1692 276; x_wconf 88' lang='lat' dir='ltr'>ultra</span> <span class='ocrx_word' id='word_1_14' title='bbox 1706 233 1847 275; x_wconf 73' lang='lat'><strong><em>2216</em></strong></span> 
     </span>
     <span class='ocr_line' id='line_1_3' title="bbox 86 297 1691 360; baseline -0.005 -10"><span class='ocrx_word' id='word_1_15' title='bbox 86 297 250 350; x_wconf 85' lang='lat' dir='ltr'>Aeolis</span> <span class='ocrx_word' id='word_1_16' title='bbox 274 297 511 360; x_wconf 86' lang='lat' dir='ltr'>sequitur.</span> <span class='ocrx_word' id='word_1_17' title='bbox 1631 308 1634 311; x_wconf 82' lang='grc'><strong>’</strong></span> <span class='ocrx_word' id='word_1_18' title='bbox 1685 338 1691 342; x_wconf 84' lang='grc'><em>.</em></span> 
     </span>
     <span class='ocr_line' id='line_1_4' title="bbox 229 363 1692 430; baseline 0 -13"><span class='ocrx_word' id='word_1_19' title='bbox 229 368 285 418; x_wconf 92' lang='lat' dir='ltr'>In</span> <span class='ocrx_word' id='word_1_20' title='bbox 319 365 531 430; x_wconf 86' lang='lat' dir='ltr'>Phrygia</span> <span class='ocrx_word' id='word_1_21' title='bbox 558 363 765 415; x_wconf 90' lang='lat' dir='ltr'>Celaene</span> <span class='ocrx_word' id='word_1_22' title='bbox 799 372 970 423; x_wconf 86' lang='lat' dir='ltr'>antea,</span> <span class='ocrx_word' id='word_1_23' title='bbox 1011 367 1061 414; x_wconf 93' lang='lat' dir='ltr'>in</span> <span class='ocrx_word' id='word_1_24' title='bbox 1086 367 1339 429; x_wconf 82' lang='lat' dir='ltr'>Apamiam</span> <span class='ocrx_word' id='word_1_25' title='bbox 1375 372 1692 417; x_wconf 88' lang='lat' dir='ltr'>commutata.</span> 
     </span>
     <span class='ocr_line' id='line_1_5' title="bbox 87 435 1700 501; baseline -0.001 -12"><span class='ocrx_word' id='word_1_26' title='bbox 87 439 187 489; x_wconf 85' lang='lat' dir='ltr'>illic</span> <span class='ocrx_word' id='word_1_27' title='bbox 211 438 427 501; x_wconf 80' lang='lat' dir='ltr'>Marsyas</span> <span class='ocrx_word' id='word_1_28' title='bbox 464 442 512 485; x_wconf 90' lang='lat' dir='ltr'>et</span> <span class='ocrx_word' id='word_1_29' title='bbox 537 443 681 486; x_wconf 84' lang='lat' dir='ltr'>natus</span> <span class='ocrx_word' id='word_1_30' title='bbox 707 442 755 484; x_wconf 92' lang='lat' dir='ltr'>et</span> <span class='ocrx_word' id='word_1_31' title='bbox 790 435 967 484; x_wconf 89' lang='lat' dir='ltr'>occidit</span> <span class='ocrx_word' id='word_1_32' title='bbox 1001 443 1050 485; x_wconf 92' lang='lat' dir='ltr'>et</span> <span class='ocrx_word' id='word_1_33' title='bbox 1076 436 1227 485; x_wconf 85' lang='lat' dir='ltr'>fluuio</span> <span class='ocrx_word' id='word_1_34' title='bbox 1265 452 1447 486; x_wconf 92' lang='lat' dir='ltr'>nomen</span> <span class='ocrx_word' id='word_1_35' title='bbox 1485 437 1618 487; x_wconf 81' lang='lat' dir='ltr'>dedit</span> <span class='ocrx_word' id='word_1_36' title='bbox 1651 444 1700 487; x_wconf 87' lang='lat' dir='ltr'>et</span> 
     </span>
     <span class='ocr_line' id='line_1_6' title="bbox 40 505 1699 570; baseline 0.002 -15"><span class='ocrx_word' id='word_1_37' title='bbox 40 521 199 560; x_wconf 69' lang='lat' dir='ltr'>scum</span> <span class='ocrx_word' id='word_1_38' title='bbox 232 505 454 570; x_wconf 84' lang='lat' dir='ltr'><strong>Apolline</strong></span> <span class='ocrx_word' id='word_1_39' title='bbox 490 506 776 556; x_wconf 89' lang='lat' dir='ltr'>decertauit.</span> <span class='ocrx_word' id='word_1_40' title='bbox 851 506 1061 570; x_wconf 89' lang='lat' dir='ltr'>denique</span> <span class='ocrx_word' id='word_1_41' title='bbox 1106 521 1220 569; x_wconf 89' lang='lat' dir='ltr'>pars</span> <span class='ocrx_word' id='word_1_42' title='bbox 1265 508 1371 557; x_wconf 86' lang='lat' dir='ltr'>eius</span> <span class='ocrx_word' id='word_1_43' title='bbox 1419 507 1699 558; x_wconf 81' lang='lat' dir='ltr'><strong>Aulocrene</strong></span> 
     </span>
     <span class='ocr_line' id='line_1_7' title="bbox 88 575 1811 641; baseline -0.001 -11"><span class='ocrx_word' id='word_1_44' title='bbox 88 580 349 634; x_wconf 86' lang='lat' dir='ltr'>uocitatur,</span> <span class='ocrx_word' id='word_1_45' title='bbox 375 576 508 626; x_wconf 91' lang='lat' dir='ltr'>unde</span> <span class='ocrx_word' id='word_1_46' title='bbox 527 576 791 626; x_wconf 84' lang='lat' dir='ltr'>Maeander</span> <span class='ocrx_word' id='word_1_47' title='bbox 817 577 973 625; x_wconf 90' lang='lat' dir='ltr'>amnis</span> <span class='ocrx_word' id='word_1_48' title='bbox 1000 577 1236 625; x_wconf 85' lang='lat' dir='ltr'>exoritur.</span> <span class='ocrx_word' id='word_1_49' title='bbox 1282 575 1495 641; x_wconf 84' lang='lat' dir='ltr'>Phrygia</span> <span class='ocrx_word' id='word_1_50' title='bbox 1514 578 1698 628; x_wconf 91' lang='lat' dir='ltr'>Troadi</span> <span class='ocrx_word' id='word_1_51' title='bbox 1727 587 1811 628; x_wconf 82' lang='lat'>686</span> 
     </span>
     <span class='ocr_line' id='line_1_8' title="bbox 86 645 1699 712; baseline -0.001 -13"><span class='ocrx_word' id='word_1_52' title='bbox 86 649 324 700; x_wconf 84' lang='lat' dir='ltr'><strong>imminet.</strong></span> <span class='ocrx_word' id='word_1_53' title='bbox 373 646 434 696; x_wconf 91' lang='lat' dir='ltr'>ab</span> <span class='ocrx_word' id='word_1_54' title='bbox 461 646 690 711; x_wconf 89' lang='lat' dir='ltr'>aquilone</span> <span class='ocrx_word' id='word_1_55' title='bbox 717 645 903 696; x_wconf 89' lang='lat' dir='ltr'>Galatia</span> <span class='ocrx_word' id='word_1_56' title='bbox 931 653 1027 703; x_wconf 88' lang='lat' dir='ltr'>est,</span> <span class='ocrx_word' id='word_1_57' title='bbox 1055 662 1083 695; x_wconf 93' lang='lat' dir='ltr'>a</span> <span class='ocrx_word' id='word_1_58' title='bbox 1109 646 1315 696; x_wconf 91' lang='lat' dir='ltr'>meridie</span> <span class='ocrx_word' id='word_1_59' title='bbox 1342 646 1620 712; x_wconf 85' lang='lat' dir='ltr'>Lycaoniae</span> <span class='ocrx_word' id='word_1_60' title='bbox 1652 657 1699 698; x_wconf 91' lang='lat' dir='ltr'>et</span> 
     </span>
     <span class='ocr_line' id='line_1_9' title="bbox 86 716 1698 782; baseline 0.001 -14"><span class='ocrx_word' id='word_1_61' title='bbox 86 718 295 770; x_wconf 84' lang='lat' dir='ltr'>Pisidiae</span> <span class='ocrx_word' id='word_1_62' title='bbox 337 716 628 782; x_wconf 80' lang='lat' dir='ltr'>Mygdoniae</span> <span class='ocrx_word' id='word_1_63' title='bbox 678 717 887 766; x_wconf 89' lang='lat' dir='ltr'>confinis</span> <span class='ocrx_word' id='word_1_64' title='bbox 939 722 1036 772; x_wconf 89' lang='lat' dir='ltr'>est,</span> <span class='ocrx_word' id='word_1_65' title='bbox 1089 716 1149 765; x_wconf 93' lang='lat' dir='ltr'>ab</span> <span class='ocrx_word' id='word_1_66' title='bbox 1195 718 1386 766; x_wconf 80' lang='lat' dir='ltr'>oriente</span> <span class='ocrx_word' id='word_1_67' title='bbox 1422 717 1624 782; x_wconf 80' lang='lat' dir='ltr'>Lyciae,</span> <span class='ocrx_word' id='word_1_68' title='bbox 1670 736 1698 769; x_wconf 90' lang='lat' dir='ltr'>a</span> 
     </span>
     <span class='ocr_line' id='line_1_10' title="bbox 85 786 1699 854; baseline -0.001 -15"><span class='ocrx_word' id='word_1_69' title='bbox 85 789 439 854; x_wconf 85' lang='lat' dir='ltr'>septemtrione</span> <span class='ocrx_word' id='word_1_70' title='bbox 467 787 693 844; x_wconf 88' lang='lat' dir='ltr'>Moesiae,</span> <span class='ocrx_word' id='word_1_71' title='bbox 722 787 906 837; x_wconf 87' lang='lat' dir='ltr'>Cariae.</span> <span class='ocrx_word' id='word_1_72' title='bbox 985 787 1164 836; x_wconf 86' lang='lat' dir='ltr'>dehinc</span> <span class='ocrx_word' id='word_1_73' title='bbox 1190 786 1396 836; x_wconf 89' lang='lat' dir='ltr'>Tmolus</span> <span class='ocrx_word' id='word_1_74' title='bbox 1423 803 1571 845; x_wconf 87' lang='lat' dir='ltr'>croco</span> <span class='ocrx_word' id='word_1_75' title='bbox 1609 789 1699 838; x_wconf 89' lang='lat' dir='ltr'>sso-</span> 
     </span>
    </p>

    <p class='ocr_par' dir='ltr' id='par_1_3' title="bbox 23 856 1700 1206">
     <span class='ocr_line' id='line_1_11' title="bbox 23 856 1699 924; baseline 0.004 -20"><span class='ocrx_word' id='word_1_76' title='bbox 23 866 67 906; x_wconf 68' lang='lat'>20</span> <span class='ocrx_word' id='word_1_77' title='bbox 87 873 204 910; x_wconf 88' lang='lat' dir='ltr'>rens</span> <span class='ocrx_word' id='word_1_78' title='bbox 250 859 507 921; x_wconf 90' lang='lat' dir='ltr'>amnisque</span> <span class='ocrx_word' id='word_1_79' title='bbox 541 856 846 924; x_wconf 68' lang='lat' dir='ltr'>Paeto-&gt;lus</span> <span class='ocrx_word' id='word_1_80' title='bbox 922 858 1039 908; x_wconf 91' lang='lat' dir='ltr'>hinc</span> <span class='ocrx_word' id='word_1_81' title='bbox 1083 858 1248 907; x_wconf 88' lang='lat' dir='ltr'>Ioniae</span> <span class='ocrx_word' id='word_1_82' title='bbox 1292 858 1485 908; x_wconf 88' lang='lat' dir='ltr'>Miletos</span> <span class='ocrx_word' id='word_1_83' title='bbox 1533 866 1699 924; x_wconf 88' lang='lat' dir='ltr'>caput.</span> 
     </span>
     <span class='ocr_line' id='line_1_12' title="bbox 86 927 1694 993; baseline 0.001 -14"><span class='ocrx_word' id='word_1_84' title='bbox 86 930 158 980; x_wconf 90' lang='lat' dir='ltr'>ibi</span> <span class='ocrx_word' id='word_1_85' title='bbox 202 931 348 979; x_wconf 84' lang='lat' dir='ltr'>etiam</span> <span class='ocrx_word' id='word_1_86' title='bbox 396 927 651 992; x_wconf 87' lang='lat' dir='ltr'>Colophon</span> <span class='ocrx_word' id='word_1_87' title='bbox 697 927 898 977; x_wconf 90' lang='lat' dir='ltr'>oraculo</span> <span class='ocrx_word' id='word_1_88' title='bbox 946 927 1095 977; x_wconf 91' lang='lat' dir='ltr'>Clarii</span> <span class='ocrx_word' id='word_1_89' title='bbox 1139 927 1380 993; x_wconf 85' lang='lat' dir='ltr'>Apollinis</span> <span class='ocrx_word' id='word_1_90' title='bbox 1426 929 1694 982; x_wconf 82' lang='lat' dir='ltr'>celebrata.</span> 
     </span>
     <span class='ocr_line' id='line_1_13' title="bbox 87 997 1697 1063; baseline 0 -13"><span class='ocrx_word' id='word_1_91' title='bbox 87 1000 339 1050; x_wconf 88' lang='lat' dir='ltr'>Maeoniae</span> <span class='ocrx_word' id='word_1_92' title='bbox 374 1000 673 1063; x_wconf 88' lang='lat' dir='ltr'>principium</span> <span class='ocrx_word' id='word_1_93' title='bbox 700 997 894 1062; x_wconf 81' lang='lat' dir='ltr'>Sipylus</span> <span class='ocrx_word' id='word_1_94' title='bbox 929 998 1136 1063; x_wconf 85' lang='lat' dir='ltr'>Smyrna</span> <span class='ocrx_word' id='word_1_95' title='bbox 1174 1000 1320 1048; x_wconf 88' lang='lat' dir='ltr'>etiam</span> <span class='ocrx_word' id='word_1_96' title='bbox 1355 999 1572 1050; x_wconf 90' lang='lat' dir='ltr'>Homero</span> <span class='ocrx_word' id='word_1_97' title='bbox 1607 1015 1697 1050; x_wconf 92' lang='lat' dir='ltr'>no·</span> 
     </span>
     <span class='ocr_line' id='line_1_14' title="bbox 87 1067 1700 1135; baseline 0 -15"><span class='ocrx_word' id='word_1_98' title='bbox 87 1071 291 1126; x_wconf 88' lang='lat' dir='ltr'>tissima,</span> <span class='ocrx_word' id='word_1_99' title='bbox 321 1084 467 1133; x_wconf 88' lang='lat' dir='ltr'>quam</span> <span class='ocrx_word' id='word_1_100' title='bbox 495 1070 790 1118; x_wconf 85' lang='lat' dir='ltr'>circumfluit</span> <span class='ocrx_word' id='word_1_101' title='bbox 815 1067 966 1118; x_wconf 91' lang='lat' dir='ltr'>Meles</span> <span class='ocrx_word' id='word_1_102' title='bbox 991 1069 1184 1118; x_wconf 82' lang='lat' dir='ltr'>fluuius,</span> <span class='ocrx_word' id='word_1_103' title='bbox 1263 1084 1375 1119; x_wconf 91' lang='lat' dir='ltr'>nam</span> <span class='ocrx_word' id='word_1_104' title='bbox 1404 1070 1700 1135; x_wconf 87' lang='lat' dir='ltr'>Smyrnaeos</span> 
     </span>
     <span class='ocr_line' id='line_1_15' title="bbox 90 1139 1700 1206; baseline 0.001 -17"><span class='ocrx_word' id='word_1_105' title='bbox 90 1155 290 1203; x_wconf 88' lang='lat' dir='ltr'>campos</span> <span class='ocrx_word' id='word_1_106' title='bbox 325 1139 539 1189; x_wconf 89' lang='lat' dir='ltr'>Hermus</span> <span class='ocrx_word' id='word_1_107' title='bbox 573 1141 861 1197; x_wconf 78' lang='lat' dir='ltr'>intersecat,</span> <span class='ocrx_word' id='word_1_108' title='bbox 899 1140 983 1203; x_wconf 88' lang='lat' dir='ltr'>qui</span> <span class='ocrx_word' id='word_1_109' title='bbox 1018 1148 1155 1189; x_wconf 89' lang='lat' dir='ltr'>ortus</span> <span class='ocrx_word' id='word_1_110' title='bbox 1190 1139 1400 1204; x_wconf 87' lang='lat' dir='ltr'>Dorylao</span> <span class='ocrx_word' id='word_1_111' title='bbox 1436 1140 1700 1206; x_wconf 84' lang='lat' dir='ltr'>Phrygiam</span> 
     </span>
    </p>

    <p class='ocr_par' dir='ltr' id='par_1_4' title="bbox 24 1208 1814 1555">
     <span class='ocr_line' id='line_1_16' title="bbox 24 1208 1700 1274; baseline 0.004 -19"><span class='ocrx_word' id='word_1_112' title='bbox 24 1222 68 1256; x_wconf 85' lang='lat'>15</span> <span class='ocrx_word' id='word_1_113' title='bbox 91 1211 383 1274; x_wconf 88' lang='lat' dir='ltr'>Cariamque</span> <span class='ocrx_word' id='word_1_114' title='bbox 419 1209 666 1274; x_wconf 79' lang='lat' dir='ltr'>dispescit.</span> <span class='ocrx_word' id='word_1_115' title='bbox 741 1211 875 1258; x_wconf 83' lang='lat' dir='ltr'>iuxta</span> <span class='ocrx_word' id='word_1_116' title='bbox 901 1209 1042 1258; x_wconf 90' lang='lat' dir='ltr'>llium</span> <span class='ocrx_word' id='word_1_117' title='bbox 1078 1208 1396 1274; x_wconf 87' lang='lat' dir='ltr'>sepulchrum</span> <span class='ocrx_word' id='word_1_118' title='bbox 1424 1211 1700 1261; x_wconf 86' lang='lat' dir='ltr'>Memnonis</span> 
     </span>
     <span class='ocr_line' id='line_1_17' title="bbox 87 1279 1698 1342; baseline 0 -11"><span class='ocrx_word' id='word_1_119' title='bbox 87 1283 231 1331; x_wconf 88' lang='lat' dir='ltr'>iacet.</span> <span class='ocrx_word' id='word_1_120' title='bbox 305 1294 455 1342; x_wconf 89' lang='lat' dir='ltr'>supra</span> <span class='ocrx_word' id='word_1_121' title='bbox 499 1280 743 1328; x_wconf 86' lang='lat' dir='ltr'>Troadem</span> <span class='ocrx_word' id='word_1_122' title='bbox 789 1280 841 1327; x_wconf 94' lang='lat' dir='ltr'>in</span> <span class='ocrx_word' id='word_1_123' title='bbox 886 1279 1249 1329; x_wconf 91' lang='lat' dir='ltr'>mediterraneo</span> <span class='ocrx_word' id='word_1_124' title='bbox 1294 1280 1562 1331; x_wconf 86' lang='lat' dir='ltr'>Teutrania</span> <span class='ocrx_word' id='word_1_125' title='bbox 1609 1290 1698 1339; x_wconf 87' lang='lat' dir='ltr'>est,</span> 
     </span>
     <span class='ocr_line' id='line_1_18' title="bbox 89 1349 1700 1418; baseline 0.001 -18"><span class='ocrx_word' id='word_1_126' title='bbox 89 1366 215 1415; x_wconf 90' lang='lat' dir='ltr'>quae</span> <span class='ocrx_word' id='word_1_127' title='bbox 249 1351 387 1413; x_wconf 86' lang='lat' dir='ltr'>regio</span> <span class='ocrx_word' id='word_1_128' title='bbox 413 1349 695 1399; x_wconf 90' lang='lat' dir='ltr'>Moesorum</span> <span class='ocrx_word' id='word_1_129' title='bbox 731 1350 844 1406; x_wconf 83' lang='lat' dir='ltr'>suit,</span> <span class='ocrx_word' id='word_1_130' title='bbox 886 1351 1058 1399; x_wconf 85' lang='lat' dir='ltr'>ciuitas</span> <span class='ocrx_word' id='word_1_131' title='bbox 1094 1365 1216 1399; x_wconf 87' lang='lat' dir='ltr'>uero</span> <span class='ocrx_word' id='word_1_132' title='bbox 1254 1350 1503 1400; x_wconf 85' lang='lat' dir='ltr'>Teutrana</span> <span class='ocrx_word' id='word_1_133' title='bbox 1542 1352 1700 1418; x_wconf 78' lang='lat' dir='ltr'>Cayco</span> 
     </span>
     <span class='ocr_line' id='line_1_19' title="bbox 88 1418 1700 1487; baseline 0.001 -16"><span class='ocrx_word' id='word_1_134' title='bbox 88 1421 292 1471; x_wconf 86' lang='lat' dir='ltr'>flumine</span> <span class='ocrx_word' id='word_1_135' title='bbox 328 1418 539 1469; x_wconf 88' lang='lat' dir='ltr'>alluitur.</span> <span class='ocrx_word' id='word_1_136' title='bbox 614 1419 683 1468; x_wconf 89' lang='lat' dir='ltr'>ibi</span> <span class='ocrx_word' id='word_1_137' title='bbox 717 1421 846 1468; x_wconf 91' lang='lat' dir='ltr'>inter</span> <span class='ocrx_word' id='word_1_138' title='bbox 883 1435 1054 1469; x_wconf 89' lang='lat' dir='ltr'>omnes</span> <span class='ocrx_word' id='word_1_139' title='bbox 1079 1422 1222 1470; x_wconf 89' lang='lat' dir='ltr'>Asiae</span> <span class='ocrx_word' id='word_1_140' title='bbox 1259 1423 1481 1471; x_wconf 86' lang='lat' dir='ltr'>ciuitates</span> <span class='ocrx_word' id='word_1_141' title='bbox 1518 1422 1700 1487; x_wconf 83' lang='lat' dir='ltr'>Perga·</span> 
     </span>
     <span class='ocr_line' id='line_1_20' title="bbox 89 1490 1814 1555; baseline 0.003 -15"><span class='ocrx_word' id='word_1_142' title='bbox 89 1506 227 1541; x_wconf 88' lang='lat' dir='ltr'>mum</span> <span class='ocrx_word' id='word_1_143' title='bbox 262 1490 458 1540; x_wconf 81' lang='lat' dir='ltr'>clarius,</span> <span class='ocrx_word' id='word_1_144' title='bbox 532 1505 645 1540; x_wconf 89' lang='lat' dir='ltr'>nam</span> <span class='ocrx_word' id='word_1_145' title='bbox 673 1491 898 1555; x_wconf 87' lang='lat' dir='ltr'>Bithynia</span> <span class='ocrx_word' id='word_1_146' title='bbox 924 1492 1117 1540; x_wconf 88' lang='lat' dir='ltr'>initium</span> <span class='ocrx_word' id='word_1_147' title='bbox 1142 1491 1288 1540; x_wconf 90' lang='lat' dir='ltr'>Ponti</span> <span class='ocrx_word' id='word_1_148' title='bbox 1325 1498 1398 1541; x_wconf 88' lang='lat' dir='ltr'>est</span> <span class='ocrx_word' id='word_1_149' title='bbox 1425 1498 1473 1542; x_wconf 92' lang='lat' dir='ltr'>et</span> <span class='ocrx_word' id='word_1_150' title='bbox 1498 1493 1558 1542; x_wconf 90' lang='lat' dir='ltr'>ab</span> <span class='ocrx_word' id='word_1_151' title='bbox 1588 1501 1698 1544; x_wconf 88' lang='lat' dir='ltr'>ortu</span> <span class='ocrx_word' id='word_1_152' title='bbox 1732 1506 1814 1548; x_wconf 82' lang='lat'>687</span> 
     </span>
    </p>

    <p class='ocr_par' dir='ltr' id='par_1_5' title="bbox 23 1561 1697 1625">
     <span class='ocr_line' id='line_1_21' title="bbox 23 1561 1697 1625; baseline 0.004 -17"><span class='ocrx_word' id='word_1_153' title='bbox 23 1574 69 1608; x_wconf 77' lang='lat' dir='ltr'>ao</span> <span class='ocrx_word' id='word_1_154' title='bbox 91 1561 330 1611; x_wconf 85' lang='lat' dir='ltr'>Thraciae</span> <span class='ocrx_word' id='word_1_155' title='bbox 379 1561 587 1610; x_wconf 85' lang='lat' dir='ltr'>aduersa</span> <span class='ocrx_word' id='word_1_156' title='bbox 623 1577 650 1610; x_wconf 91' lang='lat' dir='ltr'>a</span> <span class='ocrx_word' id='word_1_157' title='bbox 685 1561 856 1625; x_wconf 84' lang='lat' dir='ltr'>Sagari</span> <span class='ocrx_word' id='word_1_158' title='bbox 891 1561 1093 1611; x_wconf 85' lang='lat' dir='ltr'>flumine</span> <span class='ocrx_word' id='word_1_159' title='bbox 1130 1563 1318 1625; x_wconf 89' lang='lat' dir='ltr'>primos</span> <span class='ocrx_word' id='word_1_160' title='bbox 1359 1566 1487 1622; x_wconf 70' lang='lat' dir='ltr'>lines</span> <span class='ocrx_word' id='word_1_161' title='bbox 1534 1563 1697 1614; x_wconf 87' lang='lat' dir='ltr'>hahet.</span> 
     </span>
    </p>
   </div>
   <div class='ocr_carea' id='block_1_3' title="bbox 89 1660 430 1667">
    <p class='ocr_par' dir='ltr' id='par_1_6' title="bbox 89 1660 430 1667">
     <span class='ocr_line' id='line_1_22' title="bbox 89 1660 430 1667; baseline 0 1563"><span class='ocrx_word' id='word_1_162' title='bbox 89 1660 430 1667; x_wconf 95' lang='lat' dir='ltr'> </span> 
     </span>
    </p>
   </div>
   <div class='ocr_carea' id='block_1_4' title="bbox 92 1700 1707 2767">
    <p class='ocr_par' dir='ltr' id='par_1_7' title="bbox 92 1700 1704 1924">
     <span class='ocr_line' id='line_1_23' title="bbox 205 1700 1704 1755; baseline 0.002 -12"><span class='ocrx_word' id='word_1_163' title='bbox 205 1703 230 1752; x_wconf 68' lang='grc' dir='ltr'>ἓ</span> <span class='ocrx_word' id='word_1_164' title='bbox 252 1703 335 1743; x_wconf 89' lang='grc'>686</span> <span class='ocrx_word' id='word_1_165' title='bbox 368 1715 423 1742; x_wconf 80' lang='lat' dir='ltr'>ex</span> <span class='ocrx_word' id='word_1_166' title='bbox 446 1700 604 1742; x_wconf 89' lang='lat' dir='ltr'>Solino</span> <span class='ocrx_word' id='word_1_167' title='bbox 627 1714 668 1753; x_wconf 88' lang='lat' dir='ltr'>p.</span> <span class='ocrx_word' id='word_1_168' title='bbox 694 1702 788 1751; x_wconf 86' lang='lat'>185,</span> <span class='ocrx_word' id='word_1_169' title='bbox 814 1703 1038 1750; x_wconf 85' lang='grc'>17-186,</span> <span class='ocrx_word' id='word_1_170' title='bbox 1061 1704 1087 1743; x_wconf 88' lang='grc'><strong>3</strong></span> <span class='ocrx_word' id='word_1_171' title='bbox 1110 1706 1156 1743; x_wconf 91' lang='lat' dir='ltr'>et</span> <span class='ocrx_word' id='word_1_172' title='bbox 1177 1716 1220 1755; x_wconf 90' lang='lat' dir='ltr'>p.</span> <span class='ocrx_word' id='word_1_173' title='bbox 1245 1704 1340 1752; x_wconf 81' lang='lat'>186,</span> <span class='ocrx_word' id='word_1_174' title='bbox 1365 1706 1416 1744; x_wconf 89' lang='grc'>13</span> <span class='ocrx_word' id='word_1_175' title='bbox 1439 1708 1486 1744; x_wconf 89' lang='lat' dir='ltr'>et</span> <span class='ocrx_word' id='word_1_176' title='bbox 1508 1705 1559 1745; x_wconf 81' lang='lat'>15</span> <span class='ocrx_word' id='word_1_177' title='bbox 1583 1708 1628 1745; x_wconf 89' lang='lat' dir='ltr'>et</span> <span class='ocrx_word' id='word_1_178' title='bbox 1651 1708 1704 1747; x_wconf 87' lang='lat'>18</span> 
     </span>
     <span class='ocr_line' id='line_1_24' title="bbox 92 1758 1688 1816; baseline 0.001 -17"><span class='ocrx_word' id='word_1_179' title='bbox 92 1762 143 1799; x_wconf 76' lang='lat' dir='ltr'>et</span> <span class='ocrx_word' id='word_1_180' title='bbox 162 1761 217 1799; x_wconf 82' lang='lat'>20</span> <span class='ocrx_word' id='word_1_181' title='bbox 235 1780 287 1787; x_wconf 91' lang='lat'>—</span> <span class='ocrx_word' id='word_1_182' title='bbox 307 1759 403 1807; x_wconf 84' lang='lat'>187,</span> <span class='ocrx_word' id='word_1_183' title='bbox 427 1759 452 1799; x_wconf 84' lang='lat'>5</span> <span class='ocrx_word' id='word_1_184' title='bbox 477 1761 523 1797; x_wconf 82' lang='lat' dir='ltr'>et</span> <span class='ocrx_word' id='word_1_185' title='bbox 551 1771 594 1810; x_wconf 85' lang='lat' dir='ltr'>p.</span> <span class='ocrx_word' id='word_1_186' title='bbox 620 1759 716 1807; x_wconf 80' lang='lat'>187,</span> <span class='ocrx_word' id='word_1_187' title='bbox 742 1759 793 1798; x_wconf 87' lang='grc'>18</span> <span class='ocrx_word' id='word_1_188' title='bbox 827 1761 873 1797; x_wconf 83' lang='lat' dir='ltr'>et</span> <span class='ocrx_word' id='word_1_189' title='bbox 895 1771 937 1810; x_wconf 90' lang='lat' dir='ltr'>p.</span> <span class='ocrx_word' id='word_1_190' title='bbox 963 1759 1060 1809; x_wconf 89' lang='lat'>188,</span> <span class='ocrx_word' id='word_1_191' title='bbox 1083 1761 1166 1800; x_wconf 90' lang='lat'>3-</span> <span class='ocrx_word' id='word_1_192' title='bbox 1184 1761 1209 1799; x_wconf 84' lang='lat'>6</span> <span class='ocrx_word' id='word_1_193' title='bbox 1233 1765 1278 1799; x_wconf 82' lang='lat' dir='ltr'>et</span> <span class='ocrx_word' id='word_1_194' title='bbox 1300 1759 1452 1799; x_wconf 88' lang='lat' dir='ltr'>Plinio</span> <span class='ocrx_word' id='word_1_195' title='bbox 1475 1761 1513 1800; x_wconf 88' lang='lat' dir='ltr'>V</span> <span class='ocrx_word' id='word_1_196' title='bbox 1538 1762 1617 1801; x_wconf 79' lang='lat'>126</span> <span class='ocrx_word' id='word_1_197' title='bbox 1665 1758 1688 1816; x_wconf 79' lang='lat' dir='ltr'>ss</span> 
     </span>
     <span class='ocr_line' id='line_1_25' title="bbox 94 1812 1701 1866; baseline 0.002 -11"><span class='ocrx_word' id='word_1_198' title='bbox 94 1816 120 1864; x_wconf 66' lang='grc' dir='ltr'>ἓ</span> <span class='ocrx_word' id='word_1_199' title='bbox 150 1815 233 1855; x_wconf 84' lang='grc'>687</span> <span class='ocrx_word' id='word_1_200' title='bbox 266 1827 323 1855; x_wconf 83' lang='lat' dir='ltr'>ex</span> <span class='ocrx_word' id='word_1_201' title='bbox 353 1812 510 1855; x_wconf 84' lang='lat' dir='ltr'>Solino</span> <span class='ocrx_word' id='word_1_202' title='bbox 539 1827 581 1866; x_wconf 86' lang='lat' dir='ltr'>p.</span> <span class='ocrx_word' id='word_1_203' title='bbox 607 1816 701 1865; x_wconf 86' lang='grc'>190,</span> <span class='ocrx_word' id='word_1_204' title='bbox 727 1816 839 1855; x_wconf 87' lang='grc'>3-5</span> <span class='ocrx_word' id='word_1_205' title='bbox 870 1813 1050 1855; x_wconf 77' lang='lat' dir='ltr'>‘habet’</span> <span class='ocrx_word' id='word_1_206' title='bbox 1086 1818 1131 1854; x_wconf 92' lang='lat' dir='ltr'>et</span> <span class='ocrx_word' id='word_1_207' title='bbox 1151 1814 1304 1855; x_wconf 87' lang='lat' dir='ltr'>Plinio</span> <span class='ocrx_word' id='word_1_208' title='bbox 1326 1816 1390 1857; x_wconf 91' lang='lat' dir='ltr'>VI</span> <span class='ocrx_word' id='word_1_209' title='bbox 1411 1818 1438 1856; x_wconf 89' lang='lat'>4</span> <span class='ocrx_word' id='word_1_210' title='bbox 1470 1820 1515 1857; x_wconf 91' lang='lat' dir='ltr'>et</span> <span class='ocrx_word' id='word_1_211' title='bbox 1546 1817 1701 1859; x_wconf 83' lang='lat' dir='ltr'>Solino</span> 
     </span>
     <span class='ocr_line' id='line_1_26' title="bbox 94 1871 614 1924; baseline -0.008 -11"><span class='ocrx_word' id='word_1_212' title='bbox 94 1884 140 1924; x_wconf 86' lang='lat' dir='ltr'>p.</span> <span class='ocrx_word' id='word_1_213' title='bbox 161 1873 256 1919; x_wconf 85' lang='lat'>190,</span> <span class='ocrx_word' id='word_1_214' title='bbox 281 1873 306 1912; x_wconf 90' lang='grc'>5</span> <span class='ocrx_word' id='word_1_215' title='bbox 328 1873 473 1910; x_wconf 83' lang='lat' dir='ltr'>‘ante’</span> <span class='ocrx_word' id='word_1_216' title='bbox 498 1871 614 1910; x_wconf 84' lang='grc'>-12</span> 
     </span>
    </p>

    <p class='ocr_par' dir='ltr' id='par_1_8' title="bbox 93 1979 1707 2767">
     <span class='ocr_line' id='line_1_27' title="bbox 210 1979 1704 2035; baseline 0.005 -13"><span class='ocrx_word' id='word_1_217' title='bbox 210 1985 233 2023; x_wconf 93' lang='grc'>1</span> <span class='ocrx_word' id='word_1_218' title='bbox 270 1983 477 2035; x_wconf 83' lang='lat' dir='ltr'>proxima</span> <span class='ocrx_word' id='word_1_219' title='bbox 507 1981 565 2022; x_wconf 83' lang='lat' dir='ltr'>B¹</span> <span class='ocrx_word' id='word_1_220' title='bbox 614 1979 633 2035; x_wconf 72' lang='lat'>1}</span> <span class='ocrx_word' id='word_1_221' title='bbox 678 1983 806 2023; x_wconf 90' lang='lat' dir='ltr'>iania</span> <span class='ocrx_word' id='word_1_222' title='bbox 834 1997 950 2026; x_wconf 80' lang='lat' dir='ltr'>corr.</span> <span class='ocrx_word' id='word_1_223' title='bbox 979 1987 1021 2024; x_wconf 84' lang='lat' dir='ltr'>in</span> <span class='ocrx_word' id='word_1_224' title='bbox 1049 1985 1175 2025; x_wconf 90' lang='lat' dir='ltr'>ionia</span> <span class='ocrx_word' id='word_1_225' title='bbox 1204 1984 1246 2024; x_wconf 91' lang='lat' dir='ltr'><em>B</em></span> <span class='ocrx_word' id='word_1_226' title='bbox 1277 1984 1327 2026; x_wconf 72' lang='lat' dir='ltr'>al</span> <span class='ocrx_word' id='word_1_227' title='bbox 1356 1985 1512 2027; x_wconf 83' lang='lat' dir='ltr'>alania</span> <span class='ocrx_word' id='word_1_228' title='bbox 1547 1989 1650 2028; x_wconf 82' lang='lat' dir='ltr'>add.</span> <span class='ocrx_word' id='word_1_229' title='bbox 1680 1989 1704 2029; x_wconf 86' lang='lat' dir='ltr'><em>b</em></span> 
     </span>
     <span class='ocr_line' id='line_1_28' title="bbox 95 2035 1706 2097; baseline 0.004 -19"><span class='ocrx_word' id='word_1_230' title='bbox 95 2039 255 2079; x_wconf 88' lang='lat' dir='ltr'>alania</span> <span class='ocrx_word' id='word_1_231' title='bbox 299 2039 339 2078; x_wconf 90' lang='lat' dir='ltr'><em>D</em></span> <span class='ocrx_word' id='word_1_232' title='bbox 396 2035 416 2092; x_wconf 80' lang='grc' dir='ltr'>ΙΙ</span> <span class='ocrx_word' id='word_1_233' title='bbox 471 2041 496 2079; x_wconf 84' lang='lat'><strong>2</strong></span> <span class='ocrx_word' id='word_1_234' title='bbox 544 2039 657 2079; x_wconf 87' lang='lat' dir='ltr'>eolis</span> <span class='ocrx_word' id='word_1_235' title='bbox 693 2039 776 2079; x_wconf 90' lang='lat' dir='ltr'>BD</span> <span class='ocrx_word' id='word_1_236' title='bbox 824 2039 948 2080; x_wconf 82' lang='lat' dir='ltr'>eoles</span> <span class='ocrx_word' id='word_1_237' title='bbox 989 2040 1012 2081; x_wconf 84' lang='lat' dir='ltr'><em>b</em></span> <span class='ocrx_word' id='word_1_238' title='bbox 1077 2037 1098 2095; x_wconf 77' lang='lat'>[1</span> <span class='ocrx_word' id='word_1_239' title='bbox 1158 2042 1379 2093; x_wconf 88' lang='lat' dir='ltr'>sequitur.</span> <span class='ocrx_word' id='word_1_240' title='bbox 1417 2043 1465 2083; x_wconf 91' lang='lat' dir='ltr'>in</span> <span class='ocrx_word' id='word_1_241' title='bbox 1499 2043 1706 2097; x_wconf 88' lang='lat' dir='ltr'>Phrygia</span> 
     </span>
     <span class='ocr_line' id='line_1_29' title="bbox 93 2094 1707 2211; baseline 0.004 -20"><span class='ocrx_word' id='word_1_242' title='bbox 93 2095 426 2205; x_wconf 45' lang='lat' dir='ltr'>ggggiargdi&#39;t&#39;</span> <span class='ocrx_word' id='word_1_243' title='bbox 474 2094 1078 2208; x_wconf 45' lang='lat' dir='ltr'>ggfglileBB)calelle1iileigJi)auh</span> <span class='ocrx_word' id='word_1_244' title='bbox 1109 2097 1414 2208; x_wconf 54' lang='grc' dir='ltr'>ξξαῃῗὲῗέἰῗ</span> <span class='ocrx_word' id='word_1_245' title='bbox 1447 2100 1707 2211; x_wconf 49' lang='grc' dir='ltr'>Ἧοῗᾶῐῗιειῖη</span> 
     </span>
     <span class='ocr_line' id='line_1_30' title="bbox 93 2203 1707 2266; baseline 0.005 -19"><span class='ocrx_word' id='word_1_246' title='bbox 93 2209 192 2248; x_wconf 83' lang='lat' dir='ltr'>sias</span> <span class='ocrx_word' id='word_1_247' title='bbox 222 2207 307 2248; x_wconf 88' lang='lat' dir='ltr'>BD</span> <span class='ocrx_word' id='word_1_248' title='bbox 355 2203 375 2261; x_wconf 80' lang='lat' dir='ltr'>ss</span> <span class='ocrx_word' id='word_1_249' title='bbox 423 2209 448 2247; x_wconf 87' lang='lat'>6</span> <span class='ocrx_word' id='word_1_250' title='bbox 486 2208 705 2249; x_wconf 88' lang='lat' dir='ltr'>meander</span> <span class='ocrx_word' id='word_1_251' title='bbox 734 2208 818 2249; x_wconf 94' lang='lat' dir='ltr'>BD</span> <span class='ocrx_word' id='word_1_252' title='bbox 867 2207 885 2264; x_wconf 81' lang='grc' dir='ltr'>Η</span> <span class='ocrx_word' id='word_1_253' title='bbox 933 2210 1073 2263; x_wconf 87' lang='lat' dir='ltr'>frigia</span> <span class='ocrx_word' id='word_1_254' title='bbox 1104 2211 1256 2251; x_wconf 83' lang='lat' dir='ltr'>troadi</span> <span class='ocrx_word' id='word_1_255' title='bbox 1285 2211 1328 2251; x_wconf 91' lang='lat' dir='ltr'><em>B</em></span> <span class='ocrx_word' id='word_1_256' title='bbox 1369 2213 1510 2266; x_wconf 85' lang='lat' dir='ltr'>frigia</span> <span class='ocrx_word' id='word_1_257' title='bbox 1550 2219 1707 2255; x_wconf 89' lang='lat' dir='ltr'>autem</span> 
     </span>
     <span class='ocr_line' id='line_1_31' title="bbox 95 2262 1704 2323; baseline 0.005 -20"><span class='ocrx_word' id='word_1_258' title='bbox 95 2264 266 2304; x_wconf 88' lang='lat' dir='ltr'>troiadi</span> <span class='ocrx_word' id='word_1_259' title='bbox 286 2264 310 2304; x_wconf 85' lang='lat' dir='ltr'><em>b</em></span> <span class='ocrx_word' id='word_1_260' title='bbox 341 2264 484 2317; x_wconf 81' lang='lat' dir='ltr'>frigia</span> <span class='ocrx_word' id='word_1_261' title='bbox 507 2277 534 2304; x_wconf 88' lang='lat' dir='ltr'>a</span> <span class='ocrx_word' id='word_1_262' title='bbox 556 2265 675 2305; x_wconf 86' lang='lat' dir='ltr'>troia</span> <span class='ocrx_word' id='word_1_263' title='bbox 697 2267 737 2305; x_wconf 94' lang='lat' dir='ltr'><em>D</em></span> <span class='ocrx_word' id='word_1_264' title='bbox 777 2262 796 2319; x_wconf 82' lang='lat' dir='ltr'>{l</span> <span class='ocrx_word' id='word_1_265' title='bbox 835 2268 859 2306; x_wconf 83' lang='lat'>7</span> <span class='ocrx_word' id='word_1_266' title='bbox 891 2267 1162 2318; x_wconf 83' lang='lat' dir='ltr'>Lycaoniae</span> <span class='ocrx_word' id='word_1_267' title='bbox 1188 2268 1358 2309; x_wconf 72' lang='lat' dir='ltr'>Grotius</span> <span class='ocrx_word' id='word_1_268' title='bbox 1378 2282 1438 2310; x_wconf 78' lang='lat' dir='ltr'>ex</span> <span class='ocrx_word' id='word_1_269' title='bbox 1459 2268 1605 2311; x_wconf 76' lang='lat' dir='ltr'>Solino</span> <span class='ocrx_word' id='word_1_270' title='bbox 1638 2271 1704 2323; x_wconf 84' lang='lat' dir='ltr'>ly·</span> 
     </span>
     <span class='ocr_line' id='line_1_32' title="bbox 97 2318 1705 2378; baseline 0.005 -18"><span class='ocrx_word' id='word_1_271' title='bbox 97 2321 260 2361; x_wconf 89' lang='lat' dir='ltr'>caonia</span> <span class='ocrx_word' id='word_1_272' title='bbox 289 2320 332 2359; x_wconf 93' lang='lat' dir='ltr'><em>B</em></span> <span class='ocrx_word' id='word_1_273' title='bbox 370 2319 574 2361; x_wconf 82' lang='lat' dir='ltr'>licaonia</span> <span class='ocrx_word' id='word_1_274' title='bbox 605 2321 645 2360; x_wconf 94' lang='lat' dir='ltr'><em>D</em></span> <span class='ocrx_word' id='word_1_275' title='bbox 703 2318 722 2375; x_wconf 78' lang='grc' dir='ltr'>Η</span> <span class='ocrx_word' id='word_1_276' title='bbox 779 2323 806 2363; x_wconf 90' lang='grc'>8</span> <span class='ocrx_word' id='word_1_277' title='bbox 846 2323 1010 2375; x_wconf 87' lang='lat' dir='ltr'>pisidie</span> <span class='ocrx_word' id='word_1_278' title='bbox 1041 2324 1081 2363; x_wconf 94' lang='lat' dir='ltr'><em>D</em></span> <span class='ocrx_word' id='word_1_279' title='bbox 1130 2321 1150 2378; x_wconf 81' lang='grc' dir='ltr'>Η</span> <span class='ocrx_word' id='word_1_280' title='bbox 1198 2324 1434 2377; x_wconf 86' lang='lat' dir='ltr'>migdonia</span> <span class='ocrx_word' id='word_1_281' title='bbox 1464 2327 1503 2366; x_wconf 94' lang='lat' dir='ltr'><em>D</em></span> <span class='ocrx_word' id='word_1_282' title='bbox 1535 2327 1705 2368; x_wconf 81' lang='lat' dir='ltr'>miodo-</span> 
     </span>
     <span class='ocr_line' id='line_1_33' title="bbox 95 2374 1706 2436; baseline 0.006 -22"><span class='ocrx_word' id='word_1_283' title='bbox 95 2377 203 2415; x_wconf 87' lang='lat' dir='ltr'>niae</span> <span class='ocrx_word' id='word_1_284' title='bbox 224 2375 266 2415; x_wconf 93' lang='lat' dir='ltr'><em>B</em></span> <span class='ocrx_word' id='word_1_285' title='bbox 297 2379 344 2416; x_wconf 89' lang='lat' dir='ltr'>et</span> <span class='ocrx_word' id='word_1_286' title='bbox 373 2376 630 2417; x_wconf 83' lang='lat' dir='ltr'>miedoniae</span> <span class='ocrx_word' id='word_1_287' title='bbox 662 2378 686 2418; x_wconf 85' lang='lat' dir='ltr'><em>b</em></span> <span class='ocrx_word' id='word_1_288' title='bbox 734 2374 755 2432; x_wconf 75' lang='grc' dir='ltr'>[Ι</span> <span class='ocrx_word' id='word_1_289' title='bbox 801 2378 944 2419; x_wconf 87' lang='lat' dir='ltr'>liciae</span> <span class='ocrx_word' id='word_1_290' title='bbox 965 2380 1006 2418; x_wconf 92' lang='lat' dir='ltr'><em>D</em></span> <span class='ocrx_word' id='word_1_291' title='bbox 1046 2377 1064 2433; x_wconf 85' lang='grc' dir='ltr'>ΙΙ</span> <span class='ocrx_word' id='word_1_292' title='bbox 1104 2382 1130 2421; x_wconf 87' lang='grc'><strong>9</strong></span> <span class='ocrx_word' id='word_1_293' title='bbox 1161 2381 1249 2421; x_wconf 92' lang='lat' dir='ltr'>VII</span> <span class='ocrx_word' id='word_1_294' title='bbox 1270 2381 1419 2422; x_wconf 88' lang='lat' dir='ltr'>trione</span> <span class='ocrx_word' id='word_1_295' title='bbox 1445 2383 1480 2422; x_wconf 88' lang='lat' dir='ltr'><em>D</em></span> <span class='ocrx_word' id='word_1_296' title='bbox 1520 2379 1538 2436; x_wconf 80' lang='grc' dir='ltr'>[Ι</span> <span class='ocrx_word' id='word_1_297' title='bbox 1576 2383 1706 2425; x_wconf 87' lang='lat' dir='ltr'>Moe-</span> 
     </span>
     <span class='ocr_line' id='line_1_34' title="bbox 97 2431 1690 2494; baseline 0.006 -23"><span class='ocrx_word' id='word_1_298' title='bbox 97 2433 198 2472; x_wconf 89' lang='lat' dir='ltr'>siae</span> <span class='ocrx_word' id='word_1_299' title='bbox 237 2431 406 2471; x_wconf 82' lang='lat' dir='ltr'>Solinus</span> <span class='ocrx_word' id='word_1_300' title='bbox 436 2445 483 2484; x_wconf 85' lang='lat' dir='ltr'>p.</span> <span class='ocrx_word' id='word_1_301' title='bbox 516 2434 612 2484; x_wconf 87' lang='grc'>186,</span> <span class='ocrx_word' id='word_1_302' title='bbox 643 2437 667 2473; x_wconf 92' lang='grc'>1</span> <span class='ocrx_word' id='word_1_303' title='bbox 714 2435 892 2485; x_wconf 83' lang='lat' dir='ltr'>mysiae</span> <span class='ocrx_word' id='word_1_304' title='bbox 924 2435 1008 2475; x_wconf 92' lang='lat' dir='ltr'>BD</span> <span class='ocrx_word' id='word_1_305' title='bbox 1064 2433 1083 2491; x_wconf 79' lang='grc' dir='ltr'>[Ι</span> <span class='ocrx_word' id='word_1_306' title='bbox 1142 2438 1267 2478; x_wconf 87' lang='lat' dir='ltr'>carie</span> <span class='ocrx_word' id='word_1_307' title='bbox 1299 2439 1340 2477; x_wconf 93' lang='lat' dir='ltr'><em>D</em></span> <span class='ocrx_word' id='word_1_308' title='bbox 1379 2451 1548 2490; x_wconf 84' lang='lat' dir='ltr'>caryae</span> <span class='ocrx_word' id='word_1_309' title='bbox 1580 2440 1622 2479; x_wconf 94' lang='lat' dir='ltr'><em>B</em></span> <span class='ocrx_word' id='word_1_310' title='bbox 1669 2437 1690 2494; x_wconf 79' lang='grc' dir='ltr'>ΙΙ</span> 
     </span>
     <span class='ocr_line' id='line_1_35' title="bbox 95 2486 1707 2542; baseline 0.006 -15"><span class='ocrx_word' id='word_1_311' title='bbox 95 2499 153 2527; x_wconf 70' lang='lat'>÷</span> <span class='ocrx_word' id='word_1_312' title='bbox 181 2486 328 2528; x_wconf 91' lang='lat' dir='ltr'>molus</span> <span class='ocrx_word' id='word_1_313' title='bbox 358 2489 388 2527; x_wconf 84' lang='lat' dir='ltr'>d</span> <span class='ocrx_word' id='word_1_314' title='bbox 425 2488 568 2528; x_wconf 87' lang='lat' dir='ltr'>molus</span> <span class='ocrx_word' id='word_1_315' title='bbox 599 2489 683 2528; x_wconf 93' lang='lat' dir='ltr'>BD</span> <span class='ocrx_word' id='word_1_316' title='bbox 737 2486 756 2542; x_wconf 81' lang='grc' dir='ltr'>ΙΙ</span> <span class='ocrx_word' id='word_1_317' title='bbox 812 2492 864 2531; x_wconf 91' lang='grc'>10</span> <span class='ocrx_word' id='word_1_318' title='bbox 901 2491 1009 2531; x_wconf 90' lang='lat' dir='ltr'>hinc</span> <span class='ocrx_word' id='word_1_319' title='bbox 1037 2492 1191 2533; x_wconf 88' lang='lat' dir='ltr'>ioniae</span> <span class='ocrx_word' id='word_1_320' title='bbox 1223 2493 1247 2533; x_wconf 83' lang='lat' dir='ltr'><em>b</em></span> <span class='ocrx_word' id='word_1_321' title='bbox 1292 2493 1480 2534; x_wconf 86' lang='lat' dir='ltr'>hioniae</span> <span class='ocrx_word' id='word_1_322' title='bbox 1511 2495 1553 2535; x_wconf 89' lang='lat' dir='ltr'><em>B</em></span> <span class='ocrx_word' id='word_1_323' title='bbox 1597 2496 1707 2537; x_wconf 88' lang='lat' dir='ltr'>hinc</span> 
     </span>
     <span class='ocr_line' id='line_1_36' title="bbox 96 2540 1706 2605; baseline 0.006 -22"><span class='ocrx_word' id='word_1_324' title='bbox 96 2545 278 2585; x_wconf 86' lang='lat' dir='ltr'>meonie</span> <span class='ocrx_word' id='word_1_325' title='bbox 298 2558 323 2584; x_wconf 87' lang='lat' dir='ltr'>r</span> <span class='ocrx_word' id='word_1_326' title='bbox 352 2544 507 2584; x_wconf 89' lang='lat' dir='ltr'>hionie</span> <span class='ocrx_word' id='word_1_327' title='bbox 530 2544 567 2584; x_wconf 83' lang='lat' dir='ltr'><em>R</em></span> <span class='ocrx_word' id='word_1_328' title='bbox 594 2540 612 2597; x_wconf 86' lang='grc' dir='ltr'>ΙΙ</span> <span class='ocrx_word' id='word_1_329' title='bbox 654 2546 704 2584; x_wconf 94' lang='grc'>11</span> <span class='ocrx_word' id='word_1_330' title='bbox 729 2546 844 2586; x_wconf 86' lang='lat' dir='ltr'>clari</span> <span class='ocrx_word' id='word_1_331' title='bbox 864 2546 964 2588; x_wconf 87' lang='lat' dir='ltr'>B¹R</span> <span class='ocrx_word' id='word_1_332' title='bbox 1002 2544 1020 2601; x_wconf 81' lang='grc' dir='ltr'>Η</span> <span class='ocrx_word' id='word_1_333' title='bbox 1062 2550 1114 2589; x_wconf 80' lang='lat'>12</span> <span class='ocrx_word' id='word_1_334' title='bbox 1144 2550 1355 2590; x_wconf 89' lang='lat' dir='ltr'>meoniae</span> <span class='ocrx_word' id='word_1_335' title='bbox 1376 2551 1458 2591; x_wconf 79' lang='lat' dir='ltr'>BR.</span> <span class='ocrx_word' id='word_1_336' title='bbox 1496 2548 1515 2605; x_wconf 84' lang='grc' dir='ltr'>[Ι</span> <span class='ocrx_word' id='word_1_337' title='bbox 1555 2565 1706 2594; x_wconf 88' lang='lat' dir='ltr'>omero</span> 
     </span>
     <span class='ocr_line' id='line_1_37' title="bbox 95 2597 1703 2662; baseline 0.006 -22"><span class='ocrx_word' id='word_1_338' title='bbox 95 2599 179 2640; x_wconf 82' lang='lat' dir='ltr'>BR</span> <span class='ocrx_word' id='word_1_339' title='bbox 226 2597 245 2654; x_wconf 82' lang='grc' dir='ltr'>Η</span> <span class='ocrx_word' id='word_1_340' title='bbox 295 2602 346 2641; x_wconf 90' lang='grc'>13</span> <span class='ocrx_word' id='word_1_341' title='bbox 386 2600 517 2640; x_wconf 88' lang='lat' dir='ltr'>melis</span> <span class='ocrx_word' id='word_1_342' title='bbox 548 2600 571 2639; x_wconf 86' lang='lat' dir='ltr'><em>b</em></span> <span class='ocrx_word' id='word_1_343' title='bbox 620 2597 639 2654; x_wconf 81' lang='grc' dir='ltr'>Η</span> <span class='ocrx_word' id='word_1_344' title='bbox 687 2613 922 2653; x_wconf 84' lang='lat' dir='ltr'>smyrneos</span> <span class='ocrx_word' id='word_1_345' title='bbox 949 2603 1031 2644; x_wconf 85' lang='lat' dir='ltr'>BR</span> <span class='ocrx_word' id='word_1_346' title='bbox 1149 2607 1202 2645; x_wconf 86' lang='lat'>14</span> <span class='ocrx_word' id='word_1_347' title='bbox 1241 2619 1390 2647; x_wconf 86' lang='lat' dir='ltr'>ermus</span> <span class='ocrx_word' id='word_1_348' title='bbox 1419 2607 1502 2648; x_wconf 86' lang='lat' dir='ltr'>BR</span> <span class='ocrx_word' id='word_1_349' title='bbox 1556 2605 1575 2662; x_wconf 83' lang='grc' dir='ltr'>Η</span> <span class='ocrx_word' id='word_1_350' title='bbox 1625 2609 1703 2650; x_wconf 86' lang='lat' dir='ltr'>fri-</span> 
     </span>
     <span class='ocr_line' id='line_1_38' title="bbox 97 2653 1688 2719; baseline 0.007 -24"><span class='ocrx_word' id='word_1_351' title='bbox 97 2656 221 2709; x_wconf 85' lang='lat' dir='ltr'>giam</span> <span class='ocrx_word' id='word_1_352' title='bbox 241 2656 323 2697; x_wconf 86' lang='lat' dir='ltr'>BR</span> <span class='ocrx_word' id='word_1_353' title='bbox 361 2653 379 2710; x_wconf 85' lang='grc' dir='ltr'>[Ι</span> <span class='ocrx_word' id='word_1_354' title='bbox 431 2658 482 2697; x_wconf 84' lang='grc'>15</span> <span class='ocrx_word' id='word_1_355' title='bbox 512 2655 702 2708; x_wconf 86' lang='lat' dir='ltr'>dispicit</span> <span class='ocrx_word' id='word_1_356' title='bbox 722 2658 760 2698; x_wconf 81' lang='lat' dir='ltr'><em>R</em></span> <span class='ocrx_word' id='word_1_357' title='bbox 791 2658 993 2711; x_wconf 83' lang='lat' dir='ltr'>dispexit</span> <span class='ocrx_word' id='word_1_358' title='bbox 1022 2660 1046 2700; x_wconf 81' lang='lat' dir='ltr'><em>h</em></span> <span class='ocrx_word' id='word_1_359' title='bbox 1146 2662 1198 2700; x_wconf 88' lang='lat'>16</span> <span class='ocrx_word' id='word_1_360' title='bbox 1228 2674 1338 2702; x_wconf 86' lang='lat' dir='ltr'>uero</span> <span class='ocrx_word' id='word_1_361' title='bbox 1369 2667 1584 2704; x_wconf 87' lang='lat' dir='ltr'>teutrana</span> <span class='ocrx_word' id='word_1_362' title='bbox 1605 2666 1643 2706; x_wconf 80' lang='lat' dir='ltr'><em>R</em></span> <span class='ocrx_word' id='word_1_363' title='bbox 1667 2662 1688 2719; x_wconf 81' lang='lat' dir='ltr'>ss</span> 
     </span>
     <span class='ocr_line' id='line_1_39' title="bbox 98 2709 1706 2767; baseline 0.007 -15"><span class='ocrx_word' id='word_1_364' title='bbox 98 2714 151 2753; x_wconf 80' lang='lat'>17</span> <span class='ocrx_word' id='word_1_365' title='bbox 192 2712 310 2753; x_wconf 88' lang='lat' dir='ltr'>caito</span> <span class='ocrx_word' id='word_1_366' title='bbox 342 2713 365 2752; x_wconf 80' lang='lat' dir='ltr'><em>b</em></span> <span class='ocrx_word' id='word_1_367' title='bbox 412 2717 517 2753; x_wconf 89' lang='lat' dir='ltr'>cato</span> <span class='ocrx_word' id='word_1_368' title='bbox 548 2713 631 2753; x_wconf 81' lang='lat' dir='ltr'>BR</span> <span class='ocrx_word' id='word_1_369' title='bbox 686 2709 705 2767; x_wconf 82' lang='grc' dir='ltr'>Η</span> <span class='ocrx_word' id='word_1_370' title='bbox 764 2716 815 2755; x_wconf 91' lang='grc'>19</span> <span class='ocrx_word' id='word_1_371' title='bbox 862 2715 1030 2755; x_wconf 87' lang='lat' dir='ltr'>bitinia</span> <span class='ocrx_word' id='word_1_372' title='bbox 1060 2716 1102 2755; x_wconf 94' lang='lat' dir='ltr'><em>B</em></span> <span class='ocrx_word' id='word_1_373' title='bbox 1145 2717 1349 2759; x_wconf 83' lang='lat' dir='ltr'>bithinia</span> <span class='ocrx_word' id='word_1_374' title='bbox 1379 2720 1402 2759; x_wconf 84' lang='lat' dir='ltr'><em>b</em></span> <span class='ocrx_word' id='word_1_375' title='bbox 1447 2719 1639 2762; x_wconf 87' lang='lat' dir='ltr'>britinia</span> <span class='ocrx_word' id='word_1_376' title='bbox 1667 2723 1706 2764; x_wconf 85' lang='lat' dir='ltr'><em>R</em></span> 
     </span>
    </p>
   </div>
   <div class='ocr_carea' id='block_1_5' title="bbox 97 2766 1705 2882">
    <p class='ocr_par' dir='ltr' id='par_1_9' title="bbox 97 2766 1705 2882">
     <span class='ocr_line' id='line_1_40' title="bbox 97 2766 1705 2832; baseline 0.009 -25"><span class='ocrx_word' id='word_1_377' title='bbox 97 2767 320 2809; x_wconf 88' lang='lat' dir='ltr'>brithinia</span> <span class='ocrx_word' id='word_1_378' title='bbox 350 2782 374 2808; x_wconf 86' lang='lat' dir='ltr'>r</span> <span class='ocrx_word' id='word_1_379' title='bbox 411 2766 430 2822; x_wconf 80' lang='grc' dir='ltr'><strong><em>Π</em></strong></span> <span class='ocrx_word' id='word_1_380' title='bbox 470 2770 524 2810; x_wconf 79' lang='grc'>20</span> <span class='ocrx_word' id='word_1_381' title='bbox 554 2771 733 2810; x_wconf 88' lang='lat' dir='ltr'>traciae</span> <span class='ocrx_word' id='word_1_382' title='bbox 756 2770 838 2811; x_wconf 85' lang='lat' dir='ltr'>BR</span> <span class='ocrx_word' id='word_1_383' title='bbox 877 2768 896 2824; x_wconf 87' lang='grc' dir='ltr'>ΙΙ</span> <span class='ocrx_word' id='word_1_384' title='bbox 933 2771 1224 2815; x_wconf 85' lang='lat' dir='ltr'>habitatores</span> <span class='ocrx_word' id='word_1_385' title='bbox 1241 2781 1342 2827; x_wconf 80' lang='lat' dir='ltr'>post</span> <span class='ocrx_word' id='word_1_386' title='bbox 1361 2777 1531 2829; x_wconf 89' lang='lat' dir='ltr'>primos</span> <span class='ocrx_word' id='word_1_387' title='bbox 1553 2779 1655 2822; x_wconf 86' lang='lat' dir='ltr'>add.</span> <span class='ocrx_word' id='word_1_388' title='bbox 1674 2792 1705 2832; x_wconf 86' lang='lat' dir='ltr'>p</span> 
     </span>
     <span class='ocr_line' id='line_1_41' title="bbox 98 2823 1022 2882; baseline 0.005 -18"><span class='ocrx_word' id='word_1_389' title='bbox 98 2823 211 2865; x_wconf 86' lang='lat' dir='ltr'>fines</span> <span class='ocrx_word' id='word_1_390' title='bbox 241 2838 316 2878; x_wconf 71' lang='lat' dir='ltr'>eqo</span> <span class='ocrx_word' id='word_1_391' title='bbox 338 2839 396 2866; x_wconf 77' lang='lat' dir='ltr'>ea:</span> <span class='ocrx_word' id='word_1_392' title='bbox 417 2825 562 2867; x_wconf 83' lang='lat' dir='ltr'>Solino</span> <span class='ocrx_word' id='word_1_393' title='bbox 582 2840 625 2878; x_wconf 83' lang='lat' dir='ltr'>p.</span> <span class='ocrx_word' id='word_1_394' title='bbox 651 2828 747 2875; x_wconf 89' lang='grc'>190,</span> <span class='ocrx_word' id='word_1_395' title='bbox 770 2830 797 2867; x_wconf 88' lang='lat'><em>5</em></span> <span class='ocrx_word' id='word_1_396' title='bbox 816 2829 968 2868; x_wconf 79' lang='lat' dir='ltr'>addidi</span> <span class='ocrx_word' id='word_1_397' title='bbox 1002 2825 1022 2882; x_wconf 80' lang='lat' dir='ltr'>ll</span> 
     </span>
    </p>
   </div>
   <div class='ocr_carea' id='block_1_6' title="bbox 297 1950 430 1954">
    <p class='ocr_par' dir='ltr' id='par_1_10' title="bbox 297 1950 430 1954">
     <span class='ocr_line' id='line_1_42' title="bbox 297 1950 430 1954; baseline 0 0"><span class='ocrx_word' id='word_1_398' title='bbox 297 1950 430 1954; x_wconf 95' lang='lat' dir='ltr'> </span> 
     </span>
    </p>
   </div>
  </div>
 </body>
</html>
