1982 3230
267 142 372 194 130
706 141 707 144 ’
748 139 1048 182 MARTIANI
1079 140 1399 183 CAPELLAE

270 285 416 334 etiam
453 281 749 332 declaratiua
786 282 1036 345 sequentis
1070 287 1124 329 ut
1159 282 1348 330 ‘omnis
1387 283 1547 332 uirtus
1583 283 1768 334 honum
1806 290 1881 335 est

270 361 317 405 et
345 354 504 404 omnis
541 352 770 414 uoluptas
797 366 896 399 non
924 357 995 400 est
1028 351 1241 408 honum,
1280 354 1439 401 omnis
1472 354 1624 416 igitur
1650 354 1880 419 uoluptas

270 439 371 473 non
399 428 472 472 est
496 423 692 472 uirtus'.
770 422 912 470 tertia
941 422 1099 470 forma
1127 428 1201 470 est
1226 423 1276 470 in
1301 437 1398 486 qua
1432 423 1704 474 subiectiua
1732 439 1878 488 supe-

268 495 415 543 rioris
459 494 642 557 sumpti
686 492 858 541 eadem
905 497 979 541 est
1023 493 1170 540 etiam
1215 491 1488 542 subiectiua
1531 495 1781 558 sequentis
1825 500 1879 544 ut

269 564 534 629 equoddam
581 564 765 612 bonum
808 561 1035 626 uoluptas
1070 567 1165 619 est,
1213 577 1357 612 omne
1401 563 1588 613 bonum
1631 563 1748 614 utile
1787 571 1945 622 est,⁴5

111 613 246 708 12²3ss
269 634 517 700 quoddam
552 635 701 697 igitur
737 632 855 681 utile
892 639 965 682 est
1002 631 1274 696 uoluptas’.
1350 633 1400 682 in
1439 635 1599 697 prima
1643 634 1801 684 forma
1829 640 1878 685 et

214 698 221 708 '
269 704 616 754 uniuersaliter
645 711 691 752 et
726 702 1089 767 particulariter
1127 710 1175 751 et
1210 703 1483 752 dedicatiue
1518 711 1566 753 et
1602 704 1877 754 abdicatiue

269 775 496 825 concludi
531 780 718 839 potest,
762 775 812 821 in
851 773 1066 823 secunda
1093 772 1252 822 forma
1287 773 1634 824 uniuersaliter
1659 775 1753 825 nisi
1786 790 1878 840 per

269 846 573 896 contrarium
600 843 828 894 concludi
854 859 953 893 non
980 849 1153 908 potest.
1181 844 1227 891 in
1256 846 1399 893 tertia
1426 845 1586 893 forma
1612 844 1878 910 particula-

270 918 392 966 riter
420 922 608 964 tantum
636 914 960 964 concluditur.
1030 920 1333 978 quapropter
1362 930 1459 962 non
1486 916 1669 964 frustra
1695 915 1774 964 hic
1802 923 1876 965 est
1901 930 1946 961 ιο

270 987 392 1035 ordo
429 991 671 1036 seruatus,
748 1000 863 1032 nam
904 985 1077 1032 merito
1114 985 1273 1046 prima
1311 984 1490 1034 dicitur
1527 987 1578 1040 in
1613 1000 1709 1049 qua
1745 987 1879 1035 omni

269 1057 416 1106 modo
454 1055 682 1105 concludi
708 1059 894 1118 potest,
933 1053 1147 1103 secunda
1188 1057 1302 1103 item
1340 1061 1473 1103 recte
1507 1057 1559 1103 in
1587 1070 1681 1119 qua
1714 1061 1878 1120 potest

271 1126 496 1177 concludi
540 1124 912 1180 uniuersaliter,
961 1125 1185 1186 quamuis
1225 1139 1314 1187 per
1361 1126 1690 1182 contrarium,
1737 1127 1879 1175 tertia

269 1201 384 1247 item
411 1203 545 1246 recte
573 1197 686 1261 quia
712 1196 762 1243 in
790 1195 1057 1259 quantitate
1083 1195 1246 1242 minor
1274 1200 1368 1252 est,
1406 1196 1458 1243 in
1485 1211 1579 1260 qua
1605 1195 1698 1244 nisi
1722 1196 1876 1259 parti-

272 1268 504 1318 culariter
531 1266 760 1316 concludi
787 1280 885 1313 non
912 1270 1091 1329 potest.
1901 1278 1945 1312 15

153 1358 252 1397 410.
411 1338 553 1387 Nunc
580 1335 843 1385 dicendum
870 1341 943 1384 est
979 1334 1201 1398 singulae
1237 1334 1425 1384 formae
1455 1342 1575 1398 quot
1599 1336 1773 1386 modos
1799 1351 1878 1386 re-

271 1409 467 1473 cipiant.
543 1422 657 1455 nam
683 1407 928 1469 recipiunt
952 1406 1081 1453 intra
1107 1419 1159 1453 se
1187 1411 1376 1454 certum
1413 1420 1702 1463 numerum,
1741 1412 1877 1456 extra

271 1494 394 1544 quos
439 1478 612 1526 modos
650 1476 880 1540 quicquid
927 1474 1213 1524 conclusum
1249 1476 1420 1533 fuerit,
1467 1491 1565 1524 non
1593 1483 1666 1525 est
1690 1482 1877 1526 temere

272 1548 658 1600 concedendum.
732 1546 910 1609 recipit
943 1550 1107 1594 autem
1142 1547 1301 1609 prima
1337 1560 1520 1595 nouem
1558 1546 1757 1604 modos,
1799 1561 1875 1596 se·
1979 1588 1982 1593 .

273 1620 433 1671 cunda
460 1624 704 1682 quattuor,
732 1617 877 1665 tertia
902 1630 1004 1664 sex.
1901 1630 1946 1663 20
1974 1622 1977 1627 ’

155 1709 238 1747 411
412 1698 634 1738 PRIMAE
670 1696 909 1736 FORMAE
943 1696 1157 1736 PRIMVS
1185 1696 1384 1736 MODVS
1426 1688 1573 1735 estin
1601 1700 1699 1749 quo
1726 1687 1877 1736 confi·
1971 1700 1982 1707 “

273 1763 399 1810 citur
428 1775 486 1809 ex
511 1758 703 1808 duobus
728 1755 1096 1806 uniuersalibus
1121 1756 1409 1805 dedicatiuis
1435 1756 1714 1806 uniuersale
1742 1757 1875 1806 dedi·
1951 1760 1982 1792 <²

273 1833 487 1881 catiuum
524 1829 765 1878 directum
799 1832 854 1875 ut
880 1832 954 1875 est
988 1830 1165 1875 ‘omne
1199 1828 1381 1875 iustum
1407 1827 1693 1884 honestum,
1732 1842 1878 1877 omne

271 1903 535 1951 honestum
562 1898 771 1954 bonum,
802 1911 948 1946 omne
974 1898 1121 1961 igitur
1146 1898 1329 1946 iustum
1354 1896 1587 1946 bonum’.
1663 1899 1706 1946 si
1731 1896 1876 1947 refle-

274 1974 375 2022 xim
411 1970 595 2019 inferas
633 1972 809 2017 ‘omne
848 1967 996 2031 igitur
1033 1966 1218 2016 bonum
1263 1969 1473 2016 iustum'
1516 1981 1615 2016 non
1656 1968 1942 2032 sequitur25

273 2042 358 2090 sed
385 2038 746 2105 particulariter
781 2043 943 2102 potest
979 2037 1152 2086 inferri
1197 2037 1472 2102 equoddam
1506 2039 1655 2101 igitur
1692 2037 1878 2087 bonum

272 2113 482 2161 iustum’
521 2115 569 2157 et
608 2108 815 2156 efficitur
851 2108 1049 2170 quintus
1077 2106 1283 2157 modus.
1359 2118 1656 2158 SECVNDVS
1701 2107 1878 2157 modus
1951 2148 1959 2150 .

275 2182 424 2232 estin
451 2194 548 2245 quo
586 2178 842 2227 conficitur
877 2192 937 2225 ex
970 2176 1240 2226 uniuersali
1277 2177 1553 2226 dedicatiuo
1591 2183 1640 2227 et
1674 2179 1876 2227 uniuer-

276 2251 365 2301 sali
408 2249 687 2298 abdicatiuo
731 2245 1012 2296 uniuersale
1056 2246 1388 2296 abdicatiuum
1434 2247 1676 2296 directum
1709 2253 1764 2296 ut
1801 2254 1876 2297 est

275 2326 449 2371 ‘omne
474 2321 657 2369 iustum
681 2316 961 2373 honestum,
993 2315 1180 2365 nullum
1206 2316 1468 2366 honestum
1494 2322 1655 2381 turpe,
1682 2316 1873 2368 nullum
1897 2330 1939 2363 30

275 2394 422 2456 igitur
448 2391 630 2440 iustum
662 2391 854 2451 turpe'.
929 2387 968 2435 si
1012 2387 1237 2436 reflectas
1280 2385 1495 2436 <nullum
1539 2388 1687 2451 igitur
1731 2393 1876 2451 turpe

273 2464 476 2512 iustum'
505 2459 717 2509 efficitur
743 2466 910 2508 sextus
935 2457 1125 2507 modus,
1201 2457 1411 2506 diximus
1437 2458 1567 2507 enim
1591 2471 1740 2521 supra
1765 2459 1874 2507 uni-

388 2645 415 2684 8
452 2644 501 2683 in
527 2640 730 2683 secunda
747 2637 806 2670 ’-
831 2642 857 2681 9
879 2652 971 2680 non
991 2642 1145 2693 potest
1175 2653 1251 2683 om.
1274 2641 1313 2681 R
1348 2637 1368 2693 Η
1413 2646 1512 2681 ante
1532 2639 1623 2680 nisi
1650 2639 1752 2679 add.
1774 2639 1875 2679 uni-

181 2730 197 2739 „
273 2700 519 2743 uersaliter
550 2701 596 2739 et
624 2696 970 2750 particulariter
1003 2696 1027 2736 b
1065 2692 1085 2750 Η
1136 2697 1162 2736 9
1194 2702 1297 2748 post
1316 2697 1456 2736 tertia
1483 2697 1585 2736 add.
1605 2706 1715 2735 uero
1737 2696 1875 2736 deleto

273 2759 419 2799 forma
439 2757 491 2807 R,
522 2755 672 2795 forma
696 2755 740 2794 in
766 2766 854 2794 ras.
874 2751 983 2793 inB
1029 2749 1049 2806 Η
1099 2753 1152 2794 10
1182 2752 1291 2793 ordo
1324 2752 1450 2792 estR
1496 2748 1517 2805 ΙΙ
1564 2752 1622 2792 13
1651 2758 1750 2803 post
1775 2751 1874 2791 uni-

273 2813 519 2854 uersaliter
555 2812 655 2853 add.
693 2813 740 2850 et
773 2807 1121 2862 particulariter
1160 2808 1255 2849 me
1300 2805 1321 2862 11
1369 2809 1422 2849 18
1461 2806 1725 2848 conolusum
1756 2807 1795 2847 R

278 2872 329 2909 19
376 2872 530 2908 autem
561 2880 635 2908 om.
664 2867 702 2906 R
757 2862 777 2919 ΙΙ
838 2867 892 2908 23
938 2865 1136 2917 Koppius
1171 2864 1382 2905 directim
1417 2864 1634 2916 leyendum
1665 2868 1791 2916 putat

273 2926 327 2965 29
359 2924 566 2965 directim
587 2922 629 2962 B
668 2919 687 2975 Η
