1982 3230
101 3 107 10 ·
146 0 151 7 ¹
206 0 515 32 «ωιθν
623 0 1499 42 vvivffifflw

180 51 191 59 x
393 39 398 47 .
726 47 739 67 ὁ.
777 47 779 49 .
863 49 866 51 Α
904 42 914 51 ,γ
1037 38 1089 53 ἡ
1143 49 1166 68 Ἀ
1413 38 1429 45 ”
1455 36 1467 57 ’·,
1497 34 1543 59 Ἀ,

294 109 398 162 120
429 136 432 139 >
769 110 1070 155 MARTIAM
1091 86 1441 155 cimam

288 267 436 317 pore,
466 266 563 316 quo
591 252 760 302 uidere
785 253 1186 318 possint,‚neque
1213 254 1344 304 caeci
1373 268 1532 318 neque
1566 255 1792 306 uidentes
1817 227 1901 314 dis*
1941 244 1982 298 ‘T'

291 329 471 372 cuntur
498 328 546 371 et
581 328 744 372 tamen
782 323 998 373 medium
1036 338 1133 372 non
1170 324 1368 374 habent.
1443 326 1592 389 igitur
1617 326 1885 376 contrario-

288 408 425 449 rum,
455 407 580 455 quae
607 393 767 442 medio
795 401 991 452 carent,
1020 394 1144 443 duae
1171 396 1361 459 species
1388 401 1501 444 sunt
1526 396 1572 445 id
1601 401 1674 446 est
1700 409 1901 450 eorum..

289 477 413 526 quae
440 462 675 512 alterutra
703 465 812 513 uice
839 465 1068 514 accidunt
1094 466 1164 514 rei
1190 468 1239 514 in
1267 481 1359 530 qua
1389 481 1495 515 esse
1521 471 1725 530 possunt
1750 463 1885 514 nullo

287 534 450 582 medio
477 535 813 584 intercedente
832 542 887 583 ut
904 536 1084 585 sanitas
1106 541 1152 584 et
1172 535 1477 592 inbecillitas,
1500 544 1547 587 et
1571 551 1739 586 eorum
1761 550 1886 600 quae
1927 541 1966 602 5ᾒὲ

131 617 265 659 1176
287 603 433 653 simul
470 604 640 654 deesse
677 611 881 669 possunt
916 606 1229 663 substantiae,
1268 607 1315 654 in
1354 621 1446 669 qua
1476 606 1623 658 simul,
1645 621 1753 655 esse
1788 620 1887 655 non

287 682 506 739 possunt,
545 681 592 724 et
617 681 780 725 tamen
810 691 921 725 cum
947 676 1090 726 simul
1117 677 1295 726 desunt
1328 676 1448 726 nihil
1486 677 1699 726 medium
1737 677 1886 726 inter-

288 746 419 794 cedit
454 751 508 794 ut
535 749 784 796 cernentia
826 754 874 797 et
903 749 1110 796 caecitas
1146 747 1225 797 uel
1252 746 1446 796 habitus
1473 753 1519 796 et
1556 746 1740 796 orbitas
1767 747 1885 797 den-

173 815 255 856 387
287 817 426 866 tium.
502 823 729 881 quartum
757 831 912 880 genus
948 819 1284 882 oppositorum
1314 818 1421 884 est>
1448 829 1690 866 AIENTIA
1717 823 1765 867 et
1787 829 1887 866 NE-
1951 825 1959 829 ’

288 897 506 935 GANTIA
532 894 585 936 ut
612 888 803 938 ‘Cicero
830 888 1066 952 disputat'
1096 888 1298 938 ‘Cicero
1325 903 1424 936 non
1453 889 1709 952 disputat',
1763 887 1885 936 haec
1907 887 1968 943 10}

288 972 313 1004 a
341 957 680 1020 superioribus
707 958 938 1007 differunt
963 959 1092 1023 quod
1120 958 1200 1008 illa
1228 958 1513 1021 singillatim
1541 959 1637 1007 dici
1660 963 1883 1022 possunt,

287 1027 409 1076 haec
444 1043 541 1077 non
580 1029 672 1076 nisi
701 1043 885 1078 conexe
912 1029 1155 1078 dicuntur.
1232 1045 1256 1077 a
1284 1028 1500 1078 relatiuis
1525 1029 1619 1077 hoc
1656 1028 1888 1078 differunt

288 1097 419 1162 quod
441 1097 519 1147 illa
542 1100 684 1148 etiam
709 1099 912 1148 relatiue
935 1099 1179 1156 dicuntur,
1207 1099 1331 1147 haec
1350 1105 1510 1148 autem
1539 1113 1636 1147 non
1665 1098 1886 1147 relatiue.
1967 1119 1969 1121 >

286 1183 385 1217 non
414 1170 541 1219 enim
572 1170 901 1234 disputans
944 1170 1001 1218 ad
1048 1185 1162 1218 non
1209 1169 1627 1234 disputantem
1655 1169 1885 1218 refertur.

287 1255 310 1287 a
342 1241 600 1289 contrariis
626 1240 721 1288 hoc
748 1241 978 1289 differunt
999 1240 1128 1304 quod
1155 1239 1233 1288 illa
1262 1241 1301 1288 si
1327 1254 1512 1288 conexe
1540 1239 1763 1288 dicantur
1789 1244 1886 1287 tam
1911 1237 1982 1281 15³2

290 1310 369 1358 diu
399 1316 482 1358 aut
507 1326 624 1359 uera
655 1317 737 1358 aut
764 1310 879 1359 falsa
910 1318 1038 1367 sunt,
1068 1326 1212 1374 quam
1243 1311 1323 1359 diu
1363 1317 1435 1358 est
1459 1309 1579 1358 illud
1610 1311 1659 1358 in
1688 1325 1785 1375 quo
1812 1311 1888 1358 in-

288 1395 394 1429 esse
430 1387 660 1444 possunt,
700 1397 809 1429 cum
838 1388 1000 1430 autem
1037 1381 1132 1429 hoc
1174 1396 1279 1430 esse
1307 1381 1549 1429 destiterit
1582 1395 1743 1444 neque
1767 1394 1887 1429 uera

286 1465 445 1514 neque
474 1451 590 1500 salsa
629 1458 741 1499 sunt
788 1457 841 1499 ut
878 1456 990 1499 ‘aut
1025 1451 1200 1500 stultus
1240 1456 1311 1499 est
1351 1450 1428 1500 ille
1457 1457 1538 1499 aut
1575 1452 1769 1514 sapiens
1795 1453 1887 1499 est'
1964 1472 1982 1512 α

285 1520 367 1570 ille
394 1537 539 1586 quam
568 1522 648 1570 diu
683 1522 807 1570 uiuit
841 1522 1017 1570 horum
1054 1521 1259 1570 alterum
1296 1536 1471 1569 uerum
1501 1526 1597 1577 est,
1637 1535 1747 1569 cum
1783 1522 1886 1584 ipse
1980 1515 1982 1518 ’

264 1636 270 1641 ,,
287 1606 394 1641 esse
421 1592 682 1647 destiterit,
722 1598 928 1655 utraque
955 1591 1074 1640 falsa
1110 1600 1248 1647 sunt,
1279 1593 1386 1655 quia
1418 1590 1522 1648 ille,
1552 1592 1633 1655 qui
1669 1605 1767 1639 non
1794 1595 1879 1646 est,
1905 1599 1949 1631 20
1980 1649 1982 1656 Α

285 1677 445 1726 neque
472 1662 646 1711 stultus
672 1677 832 1726 neque
858 1663 1052 1725 sapiens
1080 1677 1184 1710 esse
1211 1667 1385 1725 potest.
1462 1668 1510 1709 at
1535 1676 1656 1710 uero
1685 1660 1886 1710 ‘Cicero

286 1733 527 1796 disputat’
566 1737 613 1781 et
654 1733 852 1782 ‘Cicero
888 1748 985 1781 non
1024 1733 1265 1796 disputat'
1314 1733 1383 1781 ita
1431 1731 1521 1780 sibi
1569 1738 1887 1796 opponuntur

284 1809 414 1852 utet
443 1804 558 1852 dum
595 1804 717 1852 uiuit
743 1802 913 1852 Cicero
953 1803 1157 1852 alterum
1195 1818 1365 1851 eorum
1403 1803 1679 1851 necessario
1715 1803 1798 1857 sit,
1840 1806 1887 1850 et

284 1874 390 1936 ipso
437 1880 632 1922 mortuo
678 1873 850 1922 falsum
901 1879 973 1922 est
1016 1873 1211 1938 quidem
1259 1873 1387 1937 quod
1428 1872 1664 1937 disputat,
1711 1886 1886 1920 uerum

286 1954 446 1992 tamen
488 1950 560 1993 est
595 1945 725 2008 quod
761 1959 860 1992 non
900 1945 1126 2007 disputat.
1202 1943 1295 1992 hoc
1346 1943 1491 1991 modo
1539 1943 1887 1992 discernuntur
1908 1949 1951 1984 25

284 2015 406 2063 haec
426 2021 471 2062 et
491 2014 550 2062 ab
572 2014 742 2063 habitu
768 2022 911 2078 atque
940 2014 1206 2063 orbatione.
1250 2028 1362 2062 nam
1385 2015 1465 2077 qui
1495 2028 1590 2061 non
1614 2018 1700 2070 est,
1728 2027 1886 2076 neque
1980 2074 1982 2077 ι

286 2099 460 2133 caecus
487 2091 560 2133 est
593 2099 754 2149 neque
789 2085 975 2133 uidens.
1051 2099 1142 2132 nec
1168 2099 1284 2132 sane
1324 2099 1556 2133 moueare
1584 2083 1713 2146 quod
1752 2082 1886 2131 uide·
1954 2076 1979 2144 f

284 2169 396 2203 mur
433 2156 526 2203 iam
565 2154 624 2203 de
662 2154 931 2218 proloquiis
971 2153 1148 2218 aliquid
1178 2154 1380 2210 dixisse,
1420 2154 1479 2203 de
1507 2153 1683 2218 quibus
1718 2158 1886 2217 postea

287 2224 545 2273 dicendum
585 2231 672 2274 est.
749 2225 842 2273 hoc
868 2239 1078 2288 namque
1116 2224 1296 2272 sactum
1335 2230 1408 2272 est
1435 2225 1691 2272 occasione
1731 2237 1884 2286 oppo-

287 2297 512 2344 sitorum.
1907 2301 1950 2335 30

402 2437 423 2474 1
456 2438 644 2487 possent
664 2436 704 2474 D
743 2431 763 2488 1}
800 2436 825 2474 2
859 2434 1032 2487 aliquid
1050 2440 1150 2486 post
1170 2437 1326 2474 tamen
1356 2435 1459 2477 add.
1480 2435 1520 2473 D
1560 2430 1578 2487 Π
1618 2435 1641 2474 7
1666 2436 1711 2473 et
1731 2437 1887 2472 tamen

287 2514 339 2519 —
359 2492 385 2532 8
416 2491 621 2531 dentium
654 2504 732 2532 om.
762 2490 820 2530 B¹
863 2488 881 2544 ll
935 2493 959 2531 9
993 2492 1317 2531 contrariorum
1339 2490 1381 2531 B
1417 2491 1726 2543 oppositorum
1756 2490 1798 2528 D

284 2549 312 2587 4
343 2548 411 2587 rei
440 2548 511 2587 cui
542 2547 695 2587 inesse
724 2548 765 2586 D
809 2544 826 2598 ΙΙ
869 2549 893 2586 6
931 2547 1192 2587 substantia
1220 2549 1260 2586 D
1301 2543 1320 2600 Η
1367 2559 1456 2587 non
1487 2545 1619 2586 simul
1649 2557 1749 2585 esse
1775 2545 1817 2584 D

288 2605 311 2643 7
344 2603 579 2644 intercidit
600 2603 623 2643 b
663 2600 682 2657 ΙΙ
721 2606 849 2643 9est
872 2603 1178 2656 oppositorum
1202 2604 1240 2642 D
1280 2600 1298 2656 ΙΙ
1342 2605 1393 2643 10
1425 2602 1587 2642 Cicero
1610 2614 1699 2641 non
1730 2601 1887 2653 dispu-

286 2664 359 2699 tat
388 2673 464 2701 om.
487 2658 588 2700 B¹R
635 2657 654 2712 Η
705 2661 755 2698 12
803 2659 918 2699 haec
949 2660 1045 2699 nixi
1077 2672 1249 2699 conexe
1271 2661 1309 2700 R
1357 2656 1375 2712 Η
1425 2660 1476 2699 13
1523 2659 1659 2697 etiam
1691 2656 1775 2696 illa
1805 2655 1887 2696 BR

287 2729 400 2756 corr.
421 2730 451 2768 p
491 2712 510 2770 Η
553 2714 624 2766 (13
657 2714 776 2767 quod
798 2715 1067 2755 etiam—14
1098 2715 1295 2755 refertur
1322 2729 1398 2758 om.
1421 2713 1499 2764 B1)
1546 2710 1565 2766 Η
1605 2712 1723 2765 quod
1747 2713 1886 2752 etiam

286 2772 370 2812 illa
399 2772 486 2812 duo
519 2785 547 2811 a
579 2772 822 2812 contrariis
853 2772 940 2812 hoc
971 2771 1186 2811 differunt
1217 2771 1334 2824 quod
1365 2771 1450 2811 illa
1472 2771 1511 2810 si
1535 2781 1706 2809 conexe
1729 2767 1886 2808 dican-

288 2833 360 2866 tur
382 2829 417 2868 R
455 2825 475 2881 Η
516 2830 566 2869 17
597 2827 819 2868 distiterit
839 2828 877 2868 R
914 2825 934 2881 Ι]
975 2830 1026 2868 19
1056 2827 1135 2867 ille
1166 2834 1264 2868 ante
1298 2840 1432 2880 quam
1463 2826 1539 2866 diu
1569 2826 1671 2864 add.
1695 2822 1807 2865 B¹R¹
1849 2821 1869 2878 ΙΙ

288 2885 342 2923 20
373 2884 592 2924 distiterit
613 2885 651 2924 R
699 2881 718 2937 {l
1039 2883 1043 2885 ’
