1982 3230
453 116 743 160 CAESARIS
775 116 1117 161 GERMANIGI
1144 116 1392 160 ARATEA
1628 116 1734 170 403

54 238 59 243 ⁶
114 237 306 309 corauit
351 259 484 309 unde
518 259 764 324 hodieque
801 259 911 325 Syri
959 274 1121 323 neque
1157 259 1248 309 hos
1282 259 1443 326 pisces
1489 259 1642 310 edunt
1688 265 1737 309 et

114 328 368 379 columbas
395 329 603 379 deorum
631 335 874 394 potestate
900 330 1153 380 decorant.

18 432 49 485 p
254 413 442 463 Tantus
470 412 651 479 ubique
678 413 851 480 micat]
879 430 928 464 u.
959 421 1053 462 251

16 491 36 549 -ξ
251 483 359 549 <Ex
379 484 545 533 Danae
573 489 620 534 et
649 484 811 534 imbre
837 499 989 534 aureo
1016 491 1160 534 natus
1186 485 1412 535 Perseus,
1451 485 1535 551 qui
1557 486 1736 535 missus

18 544 33 608 ἴ
66 563 89 598 ⁵
111 569 136 604 a
163 551 427 619 Polydecte
453 569 571 619 rege
596 554 787 604 insulae
815 554 1011 618 Seriphi
1037 555 1097 604 ad
1120 554 1404 619 Gorgonem
1430 556 1730 606 interficien·
1754 564 1865 605 64B

11 616 35 708 ᾗ
111 624 248 682 dam,
287 626 371 689 qui
397 626 589 689 accepit
613 624 784 674 talaria
812 631 860 674 et
887 639 1042 697 arpen
1078 640 1102 674 a
1132 625 1394 675 Mercurio.
1447 641 1538 690 per
1566 642 1730 676 aerem

16 712 23 758 3
110 700 283 745 uectus
310 702 398 744 est.
437 694 705 760 Aeschylus
730 695 860 744 hanc
886 710 1040 760 arpen
1069 695 1433 745 adamantinam
1460 710 1486 745 a
1513 695 1732 746 Vulcano

16 779 37 832 33
109 765 229 815 dicit
265 780 378 815 eum
414 766 679 831 accepisse.
732 766 1019 829 Gorgonum
1060 766 1290 816 custodes
1315 766 1483 816 ferunt
1509 772 1609 817 tres
1635 783 1734 817 uno

23 850 45 894 ·;
110 835 253 885 oculo
277 836 408 885 inter
435 850 487 885 se
514 837 935 886 communicantes
962 851 1166 886 seruare
1192 836 1409 901 uigilias,
1438 837 1618 888 Persea
1647 853 1732 887 au-

13 967 15 975 !
39 923 91 958 ιο·
108 911 208 956 tem
227 907 358 956 inter
377 906 690 956 traditionem
708 907 908 956 oculum
935 907 1256 972 intercepisse
1278 913 1325 957 et
1346 907 1601 957 inTritona
1622 907 1734 958 lacu

13 992 39 1046 123
110 975 362 1027 deiecisse.
400 978 484 1042 qui
511 992 623 1026 cum
651 978 908 1040 Gorgones
943 978 1245 1028 dormientes
1270 979 1554 1036 inuenisset,
1585 984 1733 1043 caput

13 1039 36 1114 ξ’
108 1046 339 1097 Medusae
366 1046 591 1115 abscidit2
617 1054 731 1102 tum.
748 1049 942 1113 pectori
968 1048 1220 1098 Mineruae
1246 1050 1480 1113 inposuit,
1509 1048 1571 1098 ob
1600 1049 1732 1115 quod

22 1128 28 1179 ζ
110 1133 137 1167 a
161 1115 384 1167 Minerua
425 1119 570 1168 astris
605 1116 800 1168 inlatus.
854 1118 1003 1168 habet
1039 1119 1203 1169 stellas
1228 1121 1279 1169 in
1307 1118 1510 1183 singulis
1544 1120 1733 1169 umeris

17 1183 33 1241 ἕ,
109 1186 325 1252 singulas
352 1187 524 1245 claraS,
551 1189 601 1237 in
629 1188 800 1238 dextra
827 1204 976 1239 manu
1004 1189 1188 1239 claram
1215 1190 1252 1247 l,
1281 1192 1330 1239 in
1357 1205 1506 1239 manu
1534 1191 1733 1240 sinistra

18 1247 88 1318 {¹⁵15
110 1259 160 1307 in
187 1273 280 1324 qua
309 1264 509 1323 putatur
535 1267 706 1309 tenere
734 1266 879 1324 caput
905 1261 1151 1324 Gorgonis
1177 1260 1268 1318 111,
1314 1262 1365 1309 in
1393 1266 1568 1310 uentre
1595 1260 1640 1318 I,
1682 1261 1734 1309 in

111 1328 315 1378 dextero
342 1328 496 1379 latere
523 1328 705 1379 claram
740 1329 785 1387 Ι,
823 1331 873 1379 in
902 1345 1030 1394 genu
1069 1331 1112 1387 Ι,
1149 1332 1200 1379 in
1226 1331 1401 1395 pedel
1437 1330 1644 1388 claram,
1681 1331 1732 1379 in

23 1414 25 1418 ’
110 1399 310 1449 sinistro
344 1399 538 1448 femore
576 1401 759 1449 claram
786 1400 831 1457 Ι,
877 1402 926 1450 in
956 1400 1069 1450 tibia
1098 1401 1167 1458 II,
1213 1404 1262 1450 in
1292 1402 1490 1450 sinistra
1516 1416 1667 1450 manu
1695 1401 1730 1458 Ι,

20 1468 29 1537 J
111 1469 239 1518 circa
268 1475 416 1534 caput
442 1468 686 1534 Gorgonis
713 1469 870 1520 claras
895 1471 986 1521 III:
1014 1486 1206 1522 summa
1232 1471 1271 1538 †
1295 1471 1529 1522 XXVIIII.
1584 1478 1734 1537 caput

224 1697 250 1735 4
283 1693 460 1738 Catast.
493 1708 537 1748 p.
570 1696 666 1746 253,
702 1697 754 1736 13
785 1718 839 1723 —
874 1697 971 1746 254,
1001 1698 1053 1737 13

226 1909 247 1946 1
280 1906 400 1948 unde
431 1906 657 1959 hodieque
687 1906 730 1946 B
769 1905 1009 1958 undeeque
1041 1919 1156 1949 corr.
1189 1921 1215 1947 a
1243 1921 1313 1959 pr,
1345 1921 1395 1948 m.
1428 1909 1472 1948 in
1500 1907 1732 1961 undieque

49 1997 54 2001 .
109 1960 186 2016 ΡΙΙ
208 1965 361 2004 sirene
394 1963 475 2004 hos
496 1964 538 2002 P
566 1963 659 2015 syri
689 1976 746 2003 ne
779 1975 891 2016 quos
913 1962 955 2002 B
975 1976 1091 2006 corr.
1118 1960 1196 2017 Vl}
1218 1963 1379 2004 dicunt
1408 1964 1450 2004 B
1472 1961 1490 2018 ΙΙ
1509 1966 1537 2004 4
1564 1964 1732 2005 Danae

111 2023 159 2062 et
187 2019 332 2060 imbre
364 2032 503 2060 aureo
533 2022 604 2059 nul
631 2032 655 2060 o
685 2020 898 2060 Daneam
930 2022 977 2060 et
1007 2019 1229 2060 imbream
1258 2021 1402 2060 Verro
1433 2021 1476 2060 P
1503 2021 1654 2062 danea
1687 2024 1734 2061 et

110 2076 256 2117 imbre
296 2088 459 2117 auerro
497 2075 540 2115 B
589 2072 596 2130 Ι
655 2088 848 2129 perseus
878 2075 921 2115 B
963 2088 994 2128 p
1035 2075 1156 2116 sidus
1194 2077 1236 2116 P
1280 2073 1299 2130 ΙΙ
1345 2078 1370 2117 5
1415 2077 1650 2130 polytecte
1690 2077 1733 2116 B

109 2131 345 2185 polideote
385 2133 427 2172 P
468 2128 489 2186 ΙΙ
535 2132 686 2183 insule
715 2134 757 2173 P
792 2132 978 2185 (Breys.
1020 2132 1155 2184 teste)
1194 2130 1222 2189 ΙΙ
1269 2133 1423 2186 seripe
1451 2147 1483 2186 p
1525 2134 1653 2185 eripe
1694 2135 1737 2173 P

110 2188 311 2242 seripehi
339 2187 383 2227 B
421 2185 439 2242 ΙΙ
479 2190 504 2228 6
537 2189 613 2241 qui
645 2190 832 2242 accepit
859 2187 1114 2243 Breysiyius
1153 2186 1270 2241 quae
1304 2193 1498 2243 accepta
1531 2191 1565 2230 0
1601 2186 1620 2243 ΙΙ
1660 2193 1732 2230 ta-

108 2245 251 2286 liaria
279 2242 335 2285 P¹
376 2241 395 2298 ΙΙ
436 2257 547 2285 aera
577 2245 621 2285 B
658 2242 677 2299 ΙΙ
718 2247 742 2286 7
774 2246 990 2298 aescylus
1020 2247 1063 2286 P
1090 2251 1132 2286 et
1161 2259 1275 2286 corr.
1308 2249 1351 2285 in
1381 2245 1581 2286 aescilus
1613 2247 1655 2286 B

108 2301 232 2342 hanc
263 2313 405 2354 arpen
434 2302 595 2353 scripsi
623 2314 683 2342 ex
704 2301 867 2345 Catast.
900 2302 1017 2342 harn
1047 2301 1090 2339 B
1120 2314 1172 2341 ar
1192 2299 1270 2355 ΡΙΙ
1291 2301 1605 2342 damantinam
1635 2303 1677 2341 P

109 2356 310 2399 uoleana
339 2356 381 2396 B
410 2356 612 2397 uuleana
642 2355 707 2412 ΡΙ
739 2360 766 2400 8
796 2357 888 2398 dici
918 2357 960 2397 B
987 2355 1007 2411 ΙΙ
1036 2356 1300 2410 Gorgonum
1330 2357 1585 2410 Breysiyius
1617 2357 1730 2398 Gor-

110 2425 277 2466 gonem
300 2412 335 2452 0
351 2410 371 2465 ΙΙ
393 2411 626 2453 custodem
646 2415 688 2453 P
725 2410 732 2466 Ι
759 2416 785 2454 9
817 2426 1004 2454 seruare
1034 2414 1193 2465 scripsi
1221 2418 1464 2454 seruarent
1497 2414 1531 2454 C
1548 2410 1566 2464 ΙΙ
1595 2425 1731 2465 perse

113 2469 148 2510 0
164 2466 183 2522 ΙΙ
206 2470 258 2509 10
287 2468 409 2508 inter
437 2467 731 2510 traditionem
761 2469 1013 2523 Breysiyius
1041 2469 1429 2510 introductionem
1463 2469 1497 2510 C
1523 2466 1541 2522 ΙΙ
1571 2471 1622 2509 11
1655 2469 1733 2511 do·
1763 2481 1767 2486 ·

110 2525 308 2566 mientes
340 2522 394 2565 P¹
434 2520 442 2577 Ι
472 2524 622 2576 capud
651 2525 694 2564 B
721 2521 741 2579 ΙΙ
772 2527 823 2565 12
855 2529 951 2565 tum
981 2527 1140 2590 scripsi
1168 2538 1268 2566 cum
1304 2526 1337 2566 G
1363 2522 1383 2580 ΙΙ
1410 2529 1598 2579 pectore
1629 2526 1671 2564 P
1695 2523 1717 2579 ΙΙ

110 2580 392 2635 imposuitB
441 2578 446 2634 Ι
483 2582 535 2621 13
564 2578 640 2621 ἐπὶ
669 2582 754 2633 τῆς
784 2581 993 2633 κεφαλῆς
1023 2593 1052 2622 α
1110 2583 1211 2622 add.
1247 2582 1431 2623 Castast.
1470 2579 1489 2635 ΙΙ
1523 2582 1732 2634 utrisque

109 2638 281 2679 umeris
302 2637 344 2678 B
375 2636 568 2689 singulis
588 2637 791 2678 humeris
814 2638 855 2677 P
881 2634 890 2691 Ι
912 2640 964 2678 14
979 2638 1188 2704 singulas
1219 2651 1295 2679 om.
1320 2639 1362 2678 P
1378 2627 1397 2691 ΙΙ
1418 2636 1499 2679 ἐπ’
1518 2636 1734 2688 ἀγκῶνος

111 2687 161 2735 α’
182 2695 283 2734 add.
315 2694 474 2735 Gatast.
497 2690 515 2747 ΙΙ
539 2695 590 2734 15
621 2693 771 2747 capud
799 2690 870 2748 B[
902 2693 992 2746 111]
1028 2705 1057 2734 α
1111 2694 1269 2735 Catast.
1338 2692 1414 2735 ἐπὶ
1443 2695 1529 2746 τῆ(
1560 2690 1735 2735 κοιλίας

114 2743 165 2791 α’
195 2763 279 2792 non
299 2757 531 2803 aynoscunt
553 2752 678 2791 codd.
712 2750 874 2791 Gatast.
940 2752 992 2791 16
1022 2750 1212 2792 dextera
1233 2752 1276 2791 P
1331 2748 1475 2791 ποδὸς
1507 2743 1557 2791 α’
1588 2748 1732 2800 ἀμαυ-

114 2804 200 2858 ρόν
230 2819 314 2848 non
343 2819 513 2860 aynosc.
545 2808 669 2849 codd.
706 2806 867 2849 Catast.
917 2804 923 2861 Ι
959 2808 1024 2863 18.
1049 2807 1198 2860 capud
1230 2806 1271 2846 B
1299 2804 1321 2861 ΙΙ
1352 2805 1650 2851 τοὺεπάνταε
1681 2799 1735 2847 ιε’

115 2862 276 2904 Catast.
315 2859 335 2916 ΙΙ
376 2863 524 2916 capud
554 2863 595 2903 B
635 2860 654 2916 ΙΙ

1272 2932 1387 2985 26*
