1982 3230
286 107 391 161 348
766 106 1064 149 MARTIANI
1094 107 1414 150 CAPELLAE

286 249 402 314 pelli
427 248 582 298 aulica
619 248 885 298 suauitate?
923 247 1225 298 Xenocrates
1253 250 1496 311 organicis
1533 249 1746 300 modulis
1771 245 1890 316 lym-

287 320 511 382 phaticos
544 317 804 368 liberabat.
880 317 1136 368 Thaletem
1164 318 1450 369 Cretensem
1488 320 1893 371 citharaesuaui-

287 394 385 438 tate
413 395 703 453 conpertum
733 388 936 437 morbos
971 404 1028 437 ac
1055 388 1382 453 pestilentiam
1409 389 1671 454 fugauisse.
1735 391 1911 441 Hero-·

286 457 448 523 philus
485 473 749 524 aegrorum
784 473 938 508 uenas
962 459 1310 523 rhythmorum
1338 459 1614 510 conlatione
1640 460 1892 525 pensabat.

172 545 256 586 927
287 529 568 579 animalium
596 544 717 578 uero
744 543 916 578 sensus
943 531 1063 578 meis
1091 529 1315 580 cantibus
1350 531 1690 582 incunctanter
1716 531 1892 581 adduci
1936 542 1960 576 5

287 599 458 649 saltem
485 599 726 649 Thracius
762 599 1010 649 citharista
1036 600 1309 664 perdocuit.
1385 602 1434 650 in
1461 617 1557 666 quo
1594 617 1694 650 non
1730 601 1896 651 fabula

287 669 374 720 sed
402 671 583 719 ueritas
619 669 827 734 gloriam
855 671 1151 733 procreauit.
1226 671 1358 720 unde
1385 672 1514 720 enim
1551 673 1687 720 cerui
1721 671 1909 721 fistulis

289 741 566 804 capiuntur,
596 740 755 804 pisces
780 742 830 790 in
857 746 1029 803 stagno
1045 739 1365 791 Alexandriae
1389 742 1578 805 crepitu
1598 742 1892 799 detinentur,

290 825 469 875 cycnos
495 810 846 875 Hyperboreos
883 810 1099 860 citharae
1128 817 1300 861 cantus
1326 811 1554 861 adducit?
1605 811 1892 877 elephantos

287 880 482 930 Indicos
533 882 766 944 organica
815 880 1091 944 permulsos
1142 881 1351 931 detineri
1401 898 1525 932 uoce
1575 888 1885 946 conpertum,
1910 893 1957 926 10

287 950 460 1000 fistulis
507 966 624 1000 aues
662 949 789 999 allici
839 950 1224 1014 conprobatum,
1280 952 1546 1002 infantibus
1593 950 1893 1017 crepitacula

286 1023 481 1085 uagitus
508 1020 773 1086 abrupere,
800 1021 921 1070 fides
943 1020 1185 1084 delphinis
1212 1022 1472 1070 amicitiam
1498 1019 1752 1071 hdminum
1778 1037 1892 1086 per·

173 1105 256 1145 928
287 1097 566 1141 suaserunt.
642 1092 758 1155 quid
809 1092 1011 1140 canticis
1055 1091 1201 1141 adlici
1240 1092 1577 1156 disrumpique
1621 1083 1899 1156 serpentes2

288 1161 515 1225 glandem
544 1161 710 1211 ferunt
735 1176 1018 1225 messesque
1042 1163 1276 1211 transire!
1352 1177 1521 1211 manes
1549 1163 1666 1211 cieri
1701 1161 1893 1215 lunam-,-

287 1247 382 1296 que
407 1227 636 1281 laborare
664 1247 829 1281 nonne
854 1233 1011 1296 ipsius
1035 1233 1290 1282 uetustatis
1328 1234 1647 1296 persuasione
1684 1246 1891 1296 conper·
1914 1243 1965 1276 15-

284 1304 420 1351 tum?
467 1303 519 1350 in
546 1302 696 1368 Lydia
724 1301 1060 1366 Nympharum
1098 1302 1282 1352 insulas
1311 1303 1428 1360 dici,
1470 1317 1590 1366 quas
1627 1303 1772 1352 etiam
1813 1317 1891 1352 re-

286 1374 476 1421 centior
498 1371 830 1422 adserentium
848 1373 1001 1420 Varro
1029 1388 1081 1422 se
1109 1373 1289 1422 uidisse
1315 1378 1538 1430 testatur,
1567 1387 1692 1436 quae
1715 1374 1768 1422 in
1790 1387 1892 1422 me·

285 1442 418 1491 dium
457 1448 682 1506 stagnum
722 1458 748 1491 a
783 1444 1053 1491 continenti
1097 1443 1423 1506 procedentes
1469 1449 1615 1492 cantu
1658 1442 1890 1492 tibiarum

285 1514 447 1577 primo
475 1513 525 1562 in
553 1511 794 1562 circulum
822 1518 1008 1568 motae,
1037 1512 1213 1562 dehinc
1251 1514 1311 1561 ad
1346 1512 1511 1562 littora
1548 1517 1886 1562 reuertuntur.
1918 1572 1920 1574 ‚

171 1591 253 1632 929
285 1584 335 1631 in
370 1583 567 1631 Actiaco
614 1582 757 1631 litore
794 1597 931 1631 mare
971 1583 1207 1632 citharam
1245 1589 1400 1632 sonat.
1475 1583 1685 1645 Megaris
1719 1597 1889 1632 saxum
1913 1593 1958 1626 20

285 1652 345 1702 ad
371 1654 522 1702 ictum
550 1652 723 1716 pulsus
750 1654 1102 1716 cuiuscumque
1127 1653 1358 1702 fidicinat.
1411 1667 1607 1716 possem
1633 1653 1891 1702 innumera

284 1722 574 1772 mortalibus
601 1738 628 1772 a
654 1738 734 1772 me
761 1722 950 1772 conlata
973 1738 1286 1787 percurrere,
1314 1730 1368 1772 ut
1392 1738 1492 1772 non
1519 1738 1598 1772 me
1626 1728 1784 1772 terras
1811 1722 1887 1772 fu-

285 1794 449 1858 giendi
471 1793 631 1842 studio
658 1793 918 1858 reliquisse
945 1793 1031 1843 sed
1058 1794 1278 1857 ingratae
1299 1793 1616 1843 humanitatis
1643 1793 1888 1857 ignauiam

283 1863 482 1913 uiderer
516 1864 625 1913 iure
652 1864 923 1913 damnasse.
1000 1863 1086 1913 sed
1112 1865 1208 1913 iam
1236 1863 1296 1912 ad
1323 1865 1439 1913 artis
1474 1868 1737 1928 praecepta
1763 1862 1888 1913 desi-

282 1933 420 1990 liam,
463 1940 517 1983 ut
553 1939 797 1997 nupturae
834 1935 1014 1998 uirgini
1048 1935 1348 1998 promissum
1395 1948 1572 1983 munus
1604 1932 1885 1997 inpendam.
1911 1944 1954 1977 25

169 2012 252 2052 930
284 2010 332 2053 et
368 2006 598 2069 quoniam
639 2004 855 2053 officium
894 2020 1057 2053 meum
1086 2010 1158 2052 est
1191 2003 1320 2054 bene
1357 2003 1637 2053 modulandi
1674 2002 1886 2053 sollertia

282 2088 407 2137 quae
433 2074 723 2139 rhythmicis
751 2080 798 2123 et
824 2073 1010 2123 melicis
1035 2074 1420 2123 astructionibus
1447 2075 1725 2123 continetur
1751 2073 1888 2136 prius

126 2152 214 2192 315
228 2151 263 2192 G
285 2143 345 2192 de
383 2143 570 2192 melicis
607 2143 897 2193 dissertabo,
975 2145 1085 2214 dico
1131 2146 1361 2208 quicquid
1405 2146 1499 2193 rite
1547 2145 1770 2194 sonuerit
1806 2149 1888 2191 aut

281 2218 451 2262 tonum
479 2229 586 2262 esse
622 2220 706 2262 aut
742 2214 1063 2263 hemitonium
1101 2221 1183 2262 aut
1209 2221 1431 2276 quartam
1460 2214 1562 2262 toni
1589 2228 1713 2277 quae
1740 2213 1887 2262 diesis

397 2356 418 2393 1
452 2357 722 2395 senocrates
742 2353 823 2393 BR
862 2350 881 2407 Η
919 2353 1169 2405 lynfaticos
1190 2353 1272 2394 BR
1308 2350 1329 2407 Η
1368 2355 1392 2393 2
1425 2352 1614 2393 taletem
1633 2351 1715 2393 BR
1741 2349 1761 2405 ΙΙ
1789 2350 1885 2392 chi-

280 2414 413 2451 tarae
443 2410 486 2450 B
534 2407 553 2465 Η
602 2414 627 2452 3
660 2409 842 2451 erofilus
872 2409 954 2450 BR
1001 2406 1020 2462 Η
1067 2411 1096 2450 4
1133 2409 1376 2450 ridmorum
1405 2410 1445 2450 R
1479 2412 1728 2462 rytmorum
1756 2407 1800 2448 B
1846 2403 1868 2462 Π

279 2469 304 2508 6
337 2467 510 2507 tracius
541 2466 584 2506 B
612 2467 781 2506 tratius
810 2467 848 2506 R
887 2463 905 2519 ΙΙ
946 2465 1192 2506 chitarista
1221 2465 1264 2506 B
1301 2462 1321 2520 Η
1359 2467 1385 2507 9
1417 2465 1574 2506 cicnos
1602 2465 1641 2505 R
1686 2460 1707 2518 ss
1753 2475 1887 2516 yper-

278 2523 442 2565 boreos
462 2523 505 2562 B
536 2520 557 2577 Η
597 2522 787 2575 cythare
808 2522 889 2562 BR
922 2519 941 2576 Η
979 2522 1208 2562 elefantos
1229 2521 1312 2563 BR
1345 2518 1364 2575 ΙΙ
1401 2523 1452 2562 12
1485 2522 1709 2574 abrupere
1728 2520 1887 2571 scripsi

280 2579 549 2632 adrumpere
571 2579 614 2619 B
646 2579 915 2631 abrumpere
946 2578 1010 2619 bR
1048 2574 1067 2631 Η
1106 2577 1284 2619 delfinis
1303 2577 1387 2619 BR
1425 2575 1444 2631 [l
1485 2579 1537 2618 13
1569 2575 1780 2624 cantibus
1801 2574 1826 2615 b
1846 2571 1867 2628 ΙΙ

279 2635 409 2675 allici
447 2636 471 2676 b
518 2632 539 2689 Η
589 2637 642 2675 14
680 2635 858 2675 ferrunt
886 2635 924 2674 R
971 2631 991 2688 Η
1041 2636 1092 2675 16
1130 2634 1242 2674 lidia
1272 2634 1519 2675 nimfarum
1547 2631 1628 2672 RB
1664 2628 1684 2684 Η
1725 2633 1776 2671 17
1809 2642 1884 2670 as-

277 2692 530 2732 serentium
550 2691 574 2732 b
613 2688 632 2745 [Ι
661 2691 784 2731 disse
808 2688 923 2731 B¹R¹
950 2686 971 2744 ss
1021 2695 1118 2731 ante
1149 2693 1349 2731 testatur
1379 2691 1479 2730 add.
1512 2700 1591 2730 eas
1621 2701 1646 2727 r
1683 2683 1702 2741 Η
1743 2687 1795 2726 19
1825 2686 1882 2726 li-

276 2750 379 2788 tora
409 2748 447 2788 R
485 2745 504 2800 ΙΙ
553 2748 606 2787 21
638 2745 879 2787 fidicinnat
907 2747 946 2786 R
1000 2742 1021 2799 ss
1068 2748 1123 2787 24
1163 2747 1439 2799 dampnasse
1477 2745 1500 2785 b
1548 2741 1568 2797 Π
1615 2744 1670 2784 25
1701 2742 1881 2795 uirgine

275 2801 378 2843 B¹R
424 2800 444 2858 []
492 2805 546 2844 27
578 2804 783 2843 ritmicus
813 2803 852 2843 R
882 2803 1105 2844 ritmi*cis
1133 2802 1175 2841 B
1214 2802 1438 2843 rithmicis
1468 2801 1492 2841 b
1547 2799 1567 2853 Η
1615 2801 1668 2840 29
1700 2799 1882 2840 temito·

275 2859 399 2898 nium
429 2859 512 2901 BR
551 2860 820 2901 emitonium
851 2859 873 2899 b
913 2856 931 2913 ΙΙ
1006 2869 1011 2871 ·
