1982 3230
294 113 406 166 288
780 110 1083 154 MARTIANI
1111 83 1431 156 OArELLAE
1519 101 1521 104 ·
1570 75 1813 105 s
1953 79 1982 123 44

298 256 571 321 quaeritur.
632 254 672 302 si
700 269 755 302 ea
781 253 926 302 tertio
953 267 1150 318 quoque
1178 268 1350 304 eorum
1389 254 1592 304 minimo
1619 256 1908 313 communiS,

303 331 559 390 repertum
585 323 633 372 id
662 323 791 388 quod
821 323 1151 374 desideratum
1179 329 1275 374 est:
1311 326 1351 374 si
1376 339 1474 373 non
1502 330 1599 382 est,
1642 325 1790 374 medii
1815 327 1908 375 mi-

304 397 523 459 nimique
558 395 770 443 maxima
807 409 1039 443 mensura
1074 394 1248 444 eodem
1276 395 1422 444 modo
1457 396 1726 459 requiritur
1752 411 1909 460 eaque

302 465 462 514 tribus
500 464 728 514 omnibus
754 466 1029 514 communis
1057 470 1145 515 est.
1224 467 1322 515 sint
1346 472 1448 515 tres
1484 466 1678 516 numeri
1702 467 1912 516 trecenti

305 537 673 601 quinquaginta,
704 537 1239 600 centum,septuaginta
1264 537 1494 600 quinque.
1536 551 1660 600 quae
1684 537 1747 585 sit
1771 550 1908 585 men·
1953 546 1975 580 5

304 622 419 655 sura
457 607 667 655 maxima
702 607 979 655 communis
1006 606 1081 656 his
1108 607 1192 670 qui
1228 608 1437 656 trecenti
1472 608 1823 672 quinquaginta
1864 613 1913 656 et

303 678 382 727 his
419 678 512 742 qui
537 683 736 726 centum
782 682 917 734 sunt,
969 684 1264 742 repertaque
1302 678 1362 726 sit
1405 679 1452 726 in
1490 677 1910 742 quinquagenario

306 763 545 804 numere,
584 747 955 796 consideremus
985 763 1046 796 an
1076 747 1154 796 hic
1189 749 1387 796 tertium
1415 747 1574 804 illum,
1605 749 1687 813 qui
1714 754 1911 811 septua-

304 820 437 882 ginta
474 819 692 882 quinque
738 817 909 875 habet,
950 819 1197 868 metiatur.
1273 820 1314 866 si
1357 819 1640 875 metiretur,
1681 817 1910 867 omnibus

306 889 467 938 tribus
502 889 776 938 communis
804 893 947 937 esset.
1007 904 1106 937 non
1143 890 1342 938 metitur
1368 895 1546 938 autem.
1607 904 1724 953 ergo
1750 889 1910 953 iungi·
1934 900 1978 933 ιο

307 975 417 1009 mus
458 965 653 1008 centum
693 966 741 1007 et
776 960 1083 1023 septuaginta
1110 960 1328 1024 quinque
1356 965 1403 1009 et
1437 959 1614 1008 horum
1650 960 1914 1008 maximam

308 1045 591 1079 mensuram
644 1030 968 1094 requiramus.
1057 1029 1200 1077 demo
1251 1045 1310 1078 ex
1367 1036 1560 1078 centum
1608 1031 1914 1094 septuaginta

309 1103 541 1165 quinque.
582 1106 847 1165 supersunt
873 1101 1045 1164 uiginti
1073 1103 1304 1164 quinque.
1346 1100 1436 1148 hos
1463 1101 1687 1163 quotiens
1712 1113 1915 1164 possum

310 1172 453 1221 demo
493 1187 552 1221 ex
589 1187 645 1220 eo
674 1186 903 1228 numere,
942 1172 1027 1235 qui
1062 1171 1369 1234 septuaginta
1406 1172 1621 1235 quinque
1656 1169 1828 1227 habet,
1865 1169 1916 1219 id

310 1250 382 1291 est
409 1242 500 1291 bis.
554 1247 822 1307 supersunt
847 1242 1022 1304 uiginti
1051 1242 1283 1306 quinque.
1334 1241 1412 1289 hic
1439 1256 1675 1290 numerus
1704 1240 1914 1289 maxima
1937 1251 1979 1286 15

311 1327 541 1361 mensura
569 1319 642 1361 est
678 1313 951 1361 communis
989 1312 1064 1360 his
1092 1312 1173 1375 qui
1201 1319 1395 1360 centum
1435 1317 1482 1360 et
1507 1311 1582 1359 his
1609 1312 1692 1376 qui
1718 1318 1914 1376 septua-

152 1389 289 1433 264G
311 1384 440 1447 ginta
468 1383 683 1447 quinque
710 1388 838 1431 sunt.
898 1383 947 1430 in
974 1381 1049 1429 his
1087 1383 1231 1430 etiam
1259 1382 1475 1430 omnium
1504 1383 1651 1430 trium
1682 1395 1914 1430 numero-

309 1469 419 1503 rum
456 1455 670 1502 maxima
705 1467 933 1501 mensura
962 1453 1235 1502 communis
1271 1458 1358 1501 est.
1417 1467 1530 1500 nam
1558 1453 1744 1500 uiciens
1771 1452 1914 1515 quin-

311 1526 486 1590 quiens
521 1530 660 1572 terna
690 1524 995 1587 septuaginta
1023 1523 1238 1587 quinque
1266 1528 1402 1578 sunt,
1442 1523 1630 1571 uiciens
1656 1522 1915 1586 quinquies

311 1601 546 1660 quaterna
575 1601 795 1649 centum,
823 1594 977 1642 uicies
1004 1593 1262 1657 quinquies
1288 1598 1527 1657 quaterna
1553 1592 1677 1640 dena
1703 1593 1915 1641 trecenti
1937 1604 1982 1637 20

312 1666 684 1729 quinquaginta.
742 1664 1113 1713 consideremus
1139 1677 1271 1712 nunc
1295 1663 1473 1711 horum
1502 1663 1673 1726 uiginti
1699 1662 1917 1727 quinque

311 1751 436 1801 quae
471 1736 671 1784 minima
708 1749 939 1784 mensura
968 1735 1044 1783 sit.
1123 1748 1179 1783 ea
1214 1734 1478 1798 peruenire
1515 1748 1675 1797 neque
1704 1732 1763 1781 ad
1791 1732 1914 1782 duos

311 1821 473 1871 neque
500 1806 560 1854 ad
596 1811 700 1854 tres
737 1819 898 1870 neque
934 1804 995 1853 ad
1030 1810 1262 1868 quattuor
1289 1809 1474 1868 potest,
1512 1803 1596 1852 sed
1625 1809 1698 1853 est
1732 1803 1782 1851 in
1809 1803 1915 1868 qui·
1945 1851 1959 1858 ,.

311 1878 451 1926 nario
478 1891 686 1925 numero
714 1880 762 1924 et
787 1875 909 1924 haec
936 1874 1106 1923 eadem
1145 1889 1378 1924 mensura
1415 1874 1616 1923 minima
1642 1869 1917 1922 communis

313 1946 541 1996 omnibus
569 1946 724 1995 tribus
760 1944 1101 2010 superioribus
1141 1947 1361 1994 numeris
1400 1945 1726 2009 repperietur.
1801 1955 1916 1992 nam
1935 1954 1982 1989 25

313 2018 409 2067 duo
447 2018 529 2081 qui
570 2023 617 2066 et
650 2022 898 2065 trecentos
923 2017 1274 2080 quinquaginta
1311 2023 1360 2065 et
1399 2021 1595 2064 centum
1630 2014 1915 2070 metiuntur,

313 2088 624 2151 septuaginta
651 2088 868 2153 quinque
895 2101 992 2135 non
1021 2087 1305 2135 metiuntur.
1354 2091 1471 2141 tres,
1499 2085 1583 2150 qui
1609 2085 1918 2148 septuaginta

313 2159 528 2223 quinque
554 2158 837 2213 metiuntur,
864 2154 1054 2221 <CCCL
1081 2161 1129 2204 et
1154 2155 1190 2205 C
1215 2170 1315 2204 non
1341 2157 1623 2213 metiuntur.
1674 2160 1918 2220 'quattuor

314 2229 398 2294 qui
425 2233 621 2277 centum
656 2228 942 2283 metiuntur,
979 2240 1154 2275 rursus
1181 2226 1334 2276 CCCL
1361 2229 1410 2275 et
1445 2225 1750 2289 septuaginta
1776 2225 1917 2291 quign-

430 2426 452 2464 1
487 2437 542 2465 ea.
563 2424 762 2477 Koppius
795 2437 850 2464 ex
870 2422 952 2463 BR
984 2421 1033 2464 al
1062 2423 1109 2463 in
1140 2422 1164 2463 b
1202 2419 1221 2476 ΙΙ
1262 2434 1439 2475 quoque
1473 2434 1628 2462 eorum
1658 2435 1686 2472 p
1730 2433 1783 2461 eo
1810 2432 1919 2474 quo·

316 2494 402 2534 que
425 2482 448 2521 b
481 2493 657 2534 quoque
681 2494 734 2521 eo
755 2479 837 2520 BR
875 2477 894 2534 Η
915 2480 941 2519 6
971 2478 1008 2519 &
1031 2478 1064 2519 0
1088 2478 1126 2520 &
1144 2480 1258 2519 inter
1280 2477 1434 2519 COCL
1457 2484 1499 2518 et
1519 2477 1689 2518 LXXV
1708 2478 1808 2517 add.
1830 2477 1855 2516 b

314 2540 364 2578 in
395 2543 493 2578 ante
525 2537 596 2578 his
627 2538 727 2577 add.
751 2537 774 2577 b
814 2533 832 2590 ΙΙ
875 2541 920 2575 et
940 2535 1011 2576 his
1033 2536 1111 2588 qui
1130 2535 1168 2575 R
1201 2539 1247 2575 et
1267 2536 1308 2575 is
1330 2533 1406 2587 qui
1426 2534 1469 2573 B
1500 2538 1546 2574 et
1567 2535 1614 2574 in
1633 2533 1704 2573 his
1727 2533 1804 2585 qui
1824 2532 1848 2573 b

317 2597 341 2635 7
373 2596 432 2635 ad
461 2595 521 2634 sit
552 2595 654 2636 add.
685 2592 734 2634 a}
758 2592 823 2634 ,fit
853 2593 877 2633 b
927 2588 945 2646 ΙΙ
994 2594 1019 2633 9
1051 2592 1093 2632 si
1121 2591 1362 2632 metiretur
1391 2604 1469 2632 om.
1501 2589 1556 2630 R¹
1604 2586 1624 2644 [Ι
1673 2591 1725 2630 10
1755 2589 1918 2641 iunga-

314 2663 414 2691 mus
441 2665 474 2703 p
522 2647 541 2704 Η
592 2651 644 2691 13
677 2651 922 2701 supersunt
950 2648 1079 2688 XXV
1108 2661 1187 2690 om.
1217 2646 1271 2688 R¹
1311 2644 1331 2701 ΙΙ
1380 2648 1433 2687 18
1462 2646 1611 2686 uicies
1641 2644 1692 2685 br
1729 2640 1748 2698 ΙΙ
1789 2644 1919 2696 quin-
1971 2682 1980 2695 ἢ

318 2707 446 2757 quies
478 2706 528 2747 br
566 2702 586 2759 Π
627 2708 679 2747 19
708 2705 858 2746 uicies
880 2705 945 2745 bR
982 2700 1003 2759 ll
1042 2702 1482 2756 C—quaternasom.
1503 2703 1542 2743 B
1574 2696 1598 2754 ll
1637 2703 1691 2742 20
1723 2698 1919 2741 CCCCL

316 2762 418 2803 B¹R
457 2759 476 2816 ΙΙ
522 2764 575 2803 21
610 2773 737 2802 orum
764 2762 803 2801 R
849 2757 870 2816 ΙΙ
917 2762 972 2802 25
1002 2759 1315 2814 reperieturR
1361 2755 1382 2813 [Ι
1430 2759 1484 2799 26
1509 2763 1611 2810 post
1630 2756 1717 2797 duo
1748 2757 1848 2797 add.
1872 2759 1919 2797 et

316 2817 372 2858 R¹
411 2815 430 2872 Η
472 2821 517 2859 et
544 2823 643 2870 post
675 2818 752 2871 qui
781 2830 858 2860 om.
882 2818 920 2858 R
958 2813 976 2870 [1
1017 2821 1063 2857 et
1093 2821 1192 2857 ante
1213 2816 1248 2856 0
1279 2828 1356 2857 om.
1378 2813 1433 2855 13¹
1471 2810 1492 2867 ss
1530 2814 1584 2854 28
1615 2811 1650 2852 0
1671 2813 1920 2853 metiuntur

318 2886 396 2914 om.
420 2874 461 2914 B
483 2876 582 2915 add.
602 2881 705 2927 post
733 2886 888 2914 rursus
919 2873 943 2914 b
982 2869 1002 2927 [Ι
1030 2875 1094 2914 ’29
1120 2878 1222 2925 post
1244 2874 1290 2913 et
1311 2871 1411 2912 add.
1436 2868 1470 2910 0
1493 2870 1743 2909 metiuntur
1763 2867 1821 2909 B¹
1861 2864 1883 2923 Η
