1982 3230
226 0 510 63 [⁷16.th
533 0 684 53 aaa&

309 127 417 181 334
789 120 1091 169 MARTIANI
1121 127 1441 170 CAPELLAE

310 269 508 317 conscia
543 281 697 331 pensa
723 267 955 316 Lachesis
991 267 1227 332 adoperta
1261 273 1407 333 atque
1430 270 1717 320 instantium
1745 285 1916 328 saecu-

309 337 471 387 lorum
502 336 782 413 generanda
815 337 1083 387 denuntiat.
1147 338 1325 388 deinde
1352 339 1650 404 Symbolice,
1679 355 1806 406 quae
1830 355 1918 392 ua-

309 406 566 456 rietatibus
602 408 827 457 ommatis
862 414 1071 457 uentura
1109 423 1395 473 conponens
1430 411 1764 474 auspiciorum
1795 425 1914 476 pro-

307 483 484 527 uentus
520 483 693 542 pensat
727 478 920 527 uicibus
957 479 1252 528 futurorum.
1328 479 1610 530 Oeonistice
1644 481 1790 530 tertia
1827 487 1916 539 est,
1976 486 1982 492 '

307 562 398 611 per
425 562 572 611 quam
599 549 757 612 tripus
783 548 867 598 illa
893 555 1104 598 uentura
1131 550 1387 598 denuntiat
1421 556 1566 615 atque
1609 552 1768 601 omnis
1796 552 1914 602 emi·
1960 562 1982 596 ⁵

307 620 413 668 nuit
447 625 616 668 nostra
644 620 848 668 cortina.
925 618 1135 685 demque
1170 621 1219 668 in
1256 627 1600 683 argumentum
1637 623 1919 685 praescien-

306 690 402 738 tiae
439 689 562 738 mihi
599 704 779 738 coruus
815 688 1025 746 adludit,
1065 704 1248 755 cycnus
1285 692 1429 739 etiam
1451 691 1706 747 sociatur,
1742 697 1798 742 ut
1822 692 1919 743 diei

306 760 863 826 Qproueptns
884 772 979 809 'nos
1005 760 1177 809 auibus
1203 762 1508 824 praesentire
1537 757 1769 811 concolor
1793 768 1918 814 tem·
1966 771 1969 774 '

307 844 485 894 porum
526 829 691 893 pluma
721 836 939 879 testetur.
1004 831 1206 895 ipsaque
1232 832 1393 894 tripus
1422 833 1538 880 trini
1576 846 1750 882 cursus
1776 847 1917 897 prae·

192 909 277 951 895
310 900 443 964 sagia
469 899 727 962 pollicetur
748 901 842 949 hoc
865 907 937 950 est
955 901 1186 949 exstantis
1212 902 1432 950 instantis
1460 908 1507 951 et
1526 906 1668 966 rapti.
1721 902 1916 952 demum
1941 914 1982 947 ιο

306 971 567 1034 trigarium
593 970 913 1035 supplicantis
940 985 1136 1034 semper
1150 972 1485 1034 germanitatis
1511 973 1751 1030 adueniat,
1779 973 1913 1038 quod

306 1048 473 1089 nostra
501 1040 648 1105 uulgo
686 1041 917 1105 suffragia
943 1040 1222 1106 pollicendo
1248 1042 1465 1091 incertos
1491 1042 1774 1092 mortalium
1802 1057 1916 1092 sen-

306 1126 390 1160 sus
417 1112 630 1174 primum
658 1113 710 1161 in
737 1126 875 1175 spem
903 1112 1009 1176 opis
1048 1126 1257 1175 superae
1294 1114 1555 1175 proritauit
1589 1113 1918 1178 praesidiique

242 1181 520 1248 gindigam
546 1183 597 1230 in
624 1181 807 1232 cultum
837 1181 952 1231 fecit
977 1182 1250 1245 procedere
1276 1183 1538 1246 nationem.
1614 1184 1742 1232 hanc
1767 1184 1918 1247 igitur

306 1254 411 1301 siue
439 1253 751 1315 trigeminam
778 1252 1010 1302 feminam
1038 1254 1141 1302 siue
1163 1259 1263 1302 tres
1289 1254 1337 1301 in
1360 1254 1504 1302 unius
1529 1254 1742 1302 nominis
1765 1268 1914 1303 uoca-
1939 1262 1982 1297 15

306 1322 477 1372 bulum
517 1324 859 1388 conspirantes
885 1324 992 1387 quis
1027 1325 1075 1371 in
1106 1323 1294 1372 caelum
1332 1325 1587 1373 uenientes
1612 1323 1911 1379 inexamina-

306 1399 380 1441 tas
407 1393 677 1457 adtemptet
706 1392 998 1457 explodere,
1039 1408 1150 1442 cum
1178 1407 1267 1455 per
1306 1408 1387 1442 eas
1413 1395 1463 1441 in
1500 1400 1659 1443 terras
1693 1409 1784 1444 nos
1810 1408 1916 1443 cer-

193 1473 276 1513 896
307 1470 412 1512 tum
439 1465 502 1512 sit
528 1463 786 1512 demeare?
824 1469 934 1527 post
959 1463 1046 1512 has
1071 1478 1193 1513 uero
1230 1463 1441 1512 adstabit
1467 1463 1648 1514 decens
1684 1463 1762 1512 illa
1790 1463 1916 1513 side-

0 1545 253 1595 ›umen-
309 1535 413 1583 reis
439 1533 798 1598 fulguransque
823 1533 1116 1589 luminibuS,
1143 1548 1270 1598 quae
1306 1533 1580 1596 epistularis
1609 1541 1687 1583 tua
1714 1540 1763 1595 et
1789 1533 1916 1583 dicta

80 1592 222 1635 ‘’¹¹⁸⁶‘'
307 1610 381 1652 est
407 1610 455 1653 et
491 1604 714 1666 probata.
779 1604 894 1653 huic
931 1618 1127 1667 semper
1163 1609 1305 1666 pater
1329 1611 1438 1652 tuas
1476 1604 1734 1669 adsereris·
1757 1603 1914 1653 credi·
1938 1615 1982 1648 20

309 1674 438 1722 disse
475 1674 731 1723 manubias
767 1689 824 1723 ac
859 1673 1101 1732 trisulcae⁶
1127 1672 1259 1725 *lucis
1298 1675 1610 1740 commisisse
1654 1673 1912 1737 fulgorem,

157 1754 436 1807 304unae
473 1746 579 1793 uias
614 1745 820 1807 uestigia
857 1743 1122 1793 aduentum
1149 1744 1406 1807 exitusque
1441 1745 1698 1808 igniuagae
1725 1744 1914 1794 denun-
1973 1768 1982 1774 -

307 1815 525 1864 tiationis
553 1817 792 1878 agnoscit.
869 1815 982 1863 huic
1009 1815 1156 1877 igitur
1183 1815 1392 1864 feminae
1421 1813 1737 1879 conloquium
1763 1814 1912 1864 dene-

307 1899 492 1947 gamUS,
521 1901 611 1950 per
633 1896 780 1950 quam
808 1885 1080 1934 edictorum
1102 1890 1301 1933 tuorum
1322 1884 1601 1935 admonitus
1626 1883 1915 1934 mortalibus

305 1957 652 2007 innotescunt?
693 1971 782 2005 cur
808 1956 1128 2019 igiturpater
1155 1956 1338 2019 optime
1375 1956 1644 2004 remoraris
1671 1962 1720 2004 et
1755 1955 1910 2004 intro·
1933 1965 1978 1999 25

193 2027 277 2068 897
310 2027 503 2076 mittere
539 2041 620 2076 eas
655 2025 818 2075 alacer
857 2031 904 2075 et
939 2025 1153 2090 probare
1166 2025 1203 2072 ’δ’
1254 2032 1518 2089 postquam
1555 2025 1680 2074 haec
1716 2025 1914 2074 Latoius

308 2095 430 2144 dixit
470 2095 690 2160 Iuppiter
726 2097 1029 2145 Harmonien
1077 2096 1276 2150 uenire,
1324 2110 1471 2160 quam
1519 2101 1804 2164 suggestum
1841 2100 1915 2144 est

305 2165 670 2221 Mercurialium
714 2165 868 2215 solam
905 2167 1507 2229 superesse,-„praecepit‚
1547 2171 1764 2229 tuncque
1797 2163 1915 2214 alias

307 2236 354 2283 in
384 2236 926 2285 ordinemcontinuari.
987 2235 1068 2284 hic
1095 2235 1232 2284 Luna
1258 2235 1353 2283 iam
1382 2236 1576 2310 &mina
1604 2235 1790 2284 emensi
1816 2234 1915 2302 diei

422 2435 443 2472 1
476 2432 670 2473 lacessis
699 2432 736 2472 R
775 2428 794 2485 ΙΙ
837 2430 1057 2484 adoperta
1086 2431 1286 2483 Koppius
1318 2430 1568 2483 adopertae
1588 2429 1671 2471 BR
1707 2427 1728 2484 [l
1776 2432 1802 2470 2
1833 2442 1913 2483 ge·

303 2488 447 2529 renda
477 2489 500 2529 b
548 2485 569 2543 Η
625 2487 909 2541 symbolicae
940 2488 1022 2528 BR
1076 2484 1083 2541 Ι
1150 2489 1178 2527 4
1213 2487 1392 2528 uicibus
1421 2488 1580 2538 scripsi
1623 2487 1801 2526 uiribus
1826 2486 1915 2527 BR

306 2546 363 2597 ef.
386 2545 520 2587 Amm.
545 2546 687 2587 Marc.
711 2544 872 2584 XIIII
894 2547 961 2593 11,
986 2546 1042 2584 26
1102 2540 1108 2597 Ι
1158 2543 1392 2583 oenestice
1423 2543 1466 2582 B
1511 2539 1533 2597 ss
1581 2544 1607 2583 5
1636 2542 1782 2594 tripos
1811 2542 1836 2582 b

305 2604 487 2642 uenturi
518 2602 556 2642 R
603 2598 622 2655 Π
671 2599 986 2641 denunciatB
1023 2597 1042 2653 [l
1083 2600 1271 2640 emicuit
1300 2600 1341 2639 D
1381 2595 1399 2652 Η
1439 2599 1464 2638 6
1496 2601 1765 2651 argumenta
1794 2598 1836 2638 D

307 2658 463 2698 cicnus
495 2658 532 2698 R
571 2654 590 2711 [Ι
630 2657 776 2698 eciam
807 2657 849 2696 B
887 2656 1060 2696 netiam
1092 2657 1132 2695 D
1172 2652 1190 2709 ΙΙ
1238 2657 1264 2695 9
1293 2655 1396 2708 ipsa
1427 2666 1605 2707 quoque
1637 2653 1780 2706 tripos
1810 2653 1835 2693 b

307 2715 357 2753 11
391 2713 668 2754 aduenietB
706 2710 725 2767 ΙΙ
766 2714 816 2752 12
847 2716 1003 2753 uestra
1023 2710 1124 2752 B¹R
1150 2709 1169 2765 Η
1211 2713 1262 2752 13
1292 2711 1582 2764 pruritauitr
1618 2706 1637 2762 Η
1677 2711 1730 2750 19
1761 2708 1912 2761 fulgo-

305 2782 503 2823 ransque
525 2770 563 2810 R
602 2766 619 2822 ΙΙ
661 2769 921 2822 epistolaris
951 2768 974 2808 b
1014 2765 1032 2822 Ι]
1071 2770 1125 2808 20
1157 2767 1334 2807 adseris
1355 2768 1393 2808 R
1418 2763 1439 2820 Π
1465 2767 1517 2806 21
1552 2766 1846 2806 commusisse
1866 2764 1910 2805 B

307 2823 404 2875 (sed
424 2827 462 2866 si
483 2828 526 2866 in
546 2826 657 2877 ras.)
683 2823 704 2885 l]
743 2827 795 2866 22
830 2824 886 2865 ad
908 2826 1141 2880 inuentum
1163 2837 1187 2863 r
1224 2820 1243 2876 Η
1282 2825 1336 2864 23
1359 2821 1568 2862 adnoscit
1587 2822 1626 2861 R
1664 2818 1682 2874 ΙΙ
1720 2822 1775 2862 25
1797 2833 1912 2873 quur

306 2880 344 2920 R
393 2879 411 2934 [l
459 2884 512 2924 27
546 2882 782 2922 armonien
813 2881 893 2921 BR
942 2878 961 2934 l}
1000 2882 1052 2921 29
1085 2879 1241 2921 ordine
1271 2879 1310 2920 R
1348 2875 1367 2931 ΙΙ
1407 2890 1587 2918 emense
1615 2876 1732 2918 B¹R¹
1772 2874 1791 2931 ΙΙ
