1982 3230
770 106 959 149 LIBER
988 105 1030 148 v
1626 101 1726 154 181

119 249 447 299 enuntiandae
471 249 543 297 rei
579 250 883 305 necessaria,
921 247 1005 297 sed
1043 245 1365 309 magnitudini
1406 243 1731 295 cumulandae

117 326 172 369 ut
205 320 249 369 si
283 319 415 369 dicas
440 318 586 368 Cato
624 317 734 367 ille
770 333 882 367 cum
922 318 1172 367 suffecerit
1207 330 1390 365 nomen
1427 315 1634 372 dixisse,
1669 314 1732 364 ad

125 388 496 453 amplitudinem
524 388 760 437 adicimus
786 387 908 437 ille.
962 386 1197 450 ἔλλειψις
1226 392 1299 435 est
1325 386 1579 442 detractio,
1609 400 1729 435 con-

117 460 266 509 traria
291 459 536 523 superiori
561 459 733 522 figura,
764 473 876 507 cum
902 457 1060 508 uerbo
1087 456 1251 522 aliquo
1278 457 1440 506 minus
1462 456 1593 505 dicto
1620 470 1730 506 rem

74 544 95 575 5
118 528 420 580 sentiendam
446 529 610 592 potius
636 529 987 591 praeterimus,
1028 530 1134 591 ipsa
1163 526 1412 576 celeritate
1448 526 1728 588 gratissimi.

117 601 211 649 liae
256 604 370 648 sunt
405 598 692 648 elocutionis
735 599 948 661 figurae,
987 612 1109 661 quas
1146 596 1343 660 quidem
1393 611 1493 645 non
1531 601 1732 660 oportet

115 668 250 719 uelut
275 669 493 718 studiose
519 667 771 733 copulatas
805 668 855 716 in
881 668 1025 717 unius
1054 667 1392 731 conceptionis
1431 667 1729 715 sententiam

116 739 418 803 conglobari.

255 809 398 860 Nunc
424 809 546 858 ordo
572 814 836 873 praecepta
863 819 1173 859 MEMORIAE
1201 807 1553 864 subministrat,
1581 821 1727 871 quam
1759 813 1845 855 538

50 894 92 927 10
115 879 314 946 quidem
343 878 544 929 constat*
558 895 665 929 esse
701 879 974 929 naturalem
1005 879 1088 928 sed
1118 885 1165 927 et
1190 884 1295 927 arte
1322 878 1546 928 adiuuari
1582 891 1728 942 posse
1750 881 1883 924 1776

113 965 214 1000 non
240 950 443 1000 dubium
471 957 564 999 est.
620 950 746 999 haec
772 955 934 999 autem
962 965 1042 999 ars
1068 948 1307 999 breuibus
1334 948 1615 1012 praeceptis
1642 947 1730 996 sed

113 1035 291 1085 magna
329 1022 679 1070 exercitatione
714 1021 970 1069 formatur.
1048 1021 1186 1069 cuius
1222 1021 1374 1083 partis
1409 1019 1504 1068 hoc
1548 1033 1729 1067 munus

116 1098 190 1140 est
216 1098 271 1140 ut
305 1106 406 1140 non
433 1098 623 1140 tantum
650 1092 791 1139 firma
829 1106 1006 1140 uerum
1036 1091 1182 1139 etiam
1211 1089 1363 1139 celeri
1401 1088 1728 1152 comprehen-

116 1163 253 1211 sione
279 1175 359 1210 res
383 1160 635 1225 uerbaque
672 1162 1024 1224 percipiantur.
1100 1160 1313 1210 tenenda
1338 1174 1462 1209 uero
1488 1164 1604 1208 sunt
1629 1173 1729 1207 non

51 1244 93 1276 15
118 1247 172 1281 ea
198 1237 414 1288 tantum,
451 1246 577 1294 quae
613 1246 639 1279 a
665 1230 810 1281 nohis
845 1232 1043 1280 inuenta
1071 1238 1185 1280 sunt
1219 1230 1303 1280 sed
1333 1230 1477 1279 etiam
1504 1243 1630 1293 quae
1666 1229 1726 1278 ab

9 1311 16 1316 '
117 1302 404 1351 aduersario
443 1303 495 1349 in
522 1301 713 1363 agendo
738 1306 946 1350 tractata
973 1308 1101 1350 sunt.
1179 1300 1457 1351 Simonides
1482 1300 1629 1349 huius
1654 1300 1729 1348 rei

115 1377 379 1437 praecepta
423 1372 671 1420 inuenisse
717 1370 1009 1436 perhibetur
1047 1378 1191 1435 poeta
1238 1370 1470 1434 idemque
1510 1368 1729 1433 philoso-

114 1442 257 1507 phus,
334 1456 446 1491 cum
491 1442 621 1490 enim
667 1442 885 1491 conuiuii
927 1441 1065 1491 locus
1110 1441 1270 1491 subito
1317 1441 1594 1490 conruisset
1636 1455 1729 1489 nec

115 1518 315 1575 possent
347 1513 615 1578 propinqui
651 1511 859 1562 obtritos
903 1513 1266 1570 internoscere,
1312 1510 1728 1561 discumbentium

50 1594 93 1626 20
117 1583 340 1632 ordinem
368 1583 668 1647 nominaque
697 1583 935 1632 memoria
971 1582 1266 1632 recordante
1285 1583 1553 1646 suggessit.
1629 1596 1727 1646 quo

117 1653 396 1703 admonitus
420 1652 657 1702 intellexit
684 1654 906 1702 ordinem
936 1669 1045 1703 esse
1067 1655 1151 1717 qui
1176 1654 1444 1702 memoriae
1466 1656 1730 1716 praecepta

117 1723 378 1777 conferret,
452 1724 495 1772 is
521 1738 643 1773 uero
669 1725 719 1771 in
746 1723 867 1772 locis
893 1723 1183 1773 inlustribus
1208 1722 1523 1773 meditandus
1551 1727 1647 1778 est,
1675 1723 1726 1769 in

117 1793 295 1857 quibus
322 1795 511 1857 species
535 1809 704 1842 rerum
732 1796 1188 1858 sententiarumque
1214 1794 1456 1857 imagines
1483 1791 1727 1841 collocan-

116 1864 206 1912 dae
253 1870 366 1913 sunt
409 1862 565 1912 ueluti
608 1865 890 1927 nuptiarum
929 1863 1140 1914 uelatam
1186 1864 1415 1914 flammeo
1459 1862 1729 1912 nubentem

26 1944 93 1991 ¹⁵25
117 1939 200 1983 aut
235 1932 512 1983 homicidae
548 1933 763 1997 gladium
807 1934 890 1984 uel
926 1950 1061 1984 arma
1097 1935 1340 1991 detineas,
1378 1948 1499 1999 quas
1538 1932 1729 1997 species

115 2003 254 2054 locus
280 2011 526 2069 tamquam
555 2004 799 2068 depositas
824 2005 1013 2055 reddat.
1083 2020 1199 2054 nam
1224 2005 1272 2054 id
1300 2004 1430 2069 quod
1458 2002 1729 2053 conscribi-

116 2083 198 2123 tur
225 2089 337 2123 cera
373 2074 650 2124 continetur
677 2080 724 2124 et
758 2074 955 2131 litteris,
993 2075 1126 2140 quod
1161 2076 1431 2125 memoriae
1465 2073 1730 2123 mandatur

116 2146 167 2193 in
193 2142 313 2194 locis
340 2151 589 2208 tamquam
616 2146 664 2193 in
692 2160 804 2194 cera
831 2147 1106 2211 paginaque
1133 2148 1372 2210 signatur.
1431 2143 1727 2209 imaginibus

116 2229 239 2263 uero
275 2216 423 2281 quasi
447 2213 622 2264 litteris
656 2229 824 2265 rerum
860 2217 1139 2266 recordatio
1176 2218 1473 2266 continetur.
1550 2215 1637 2264 sed
1672 2221 1728 2263 ut
1758 2227 1841 2269 539

231 2369 256 2407 9
286 2367 374 2407 hoc
407 2373 547 2421 caput
578 2373 650 2409 est
680 2383 735 2410 ex
765 2370 1098 2412 Fortunatiano
1129 2371 1198 2411 111
1231 2373 1282 2412 13

233 2524 254 2560 1
287 2522 619 2574 magnitudinis
650 2523 925 2564 cumulat-ra
947 2524 1028 2565 BR
1065 2538 1123 2565 m.
1157 2523 1463 2566 cumulandae
1496 2524 1520 2564 b
1550 2525 1728 2576 magni-

115 2576 267 2618 tudini
289 2577 594 2619 cumulandae
620 2579 790 2621 Grotius
819 2577 838 2633 [Ι
873 2582 898 2620 2
931 2579 1046 2622 Cato
1067 2581 1200 2621 illeE
1232 2581 1389 2621 antole
1411 2579 1509 2620 BR¹
1534 2581 1727 2621 antoille

117 2634 168 2674 br·
205 2634 268 2674 M.
291 2633 409 2674 Cato
437 2634 520 2676 ille
553 2636 743 2676 Halmius
781 2632 800 2690 ΙΙ
843 2638 868 2676 3
900 2636 1068 2689 eglipis
1088 2635 1188 2677 BR¹
1220 2637 1406 2690 eclipsis
1438 2636 1461 2676 b
1500 2633 1520 2690 Η
1558 2638 1585 2677 4
1613 2635 1728 2691 figu-

117 2702 198 2730 rae
220 2690 244 2730 b
282 2687 301 2744 ll
340 2693 375 2731 5.
398 2692 708 2744 gratissimam
730 2692 753 2732 b
801 2689 820 2745 Η
871 2692 924 2731 16
955 2696 1195 2733 contracta
1216 2693 1240 2731 b
1288 2690 1310 2746 ll
1359 2694 1411 2734 18
1438 2692 1570 2732 lacus
1591 2691 1652 2732 B¹
1691 2689 1711 2746 ΙΙ

119 2747 172 2786 22
202 2745 276 2786 his
305 2759 415 2788 uero
445 2747 528 2788 BR
574 2744 595 2802 ll
643 2748 697 2788 26
727 2747 856 2788 locus
878 2747 960 2788 BR
998 2748 1112 2789 locis
1140 2749 1164 2789 b
1212 2745 1231 2802 ΙΙ
1282 2750 1517 2802 depositas
1540 2749 1621 2789 BR
1651 2749 1729 2790 de-

118 2802 294 2854 positas
315 2804 534 2844 memoria
555 2803 579 2844 b
613 2801 632 2857 ΙΙ
665 2816 771 2845 nam
792 2803 874 2844 BR
905 2817 1009 2844 nam
1042 2805 1163 2845 sicut
1184 2805 1207 2846 b
1238 2818 1344 2846 nam
1366 2806 1434 2846 sic
1455 2819 1480 2845 r
1513 2802 1533 2860 Η
1566 2807 1619 2847 27
1650 2804 1729 2846 lit-

119 2857 233 2898 teris
264 2859 383 2911 quod
406 2859 447 2899 B
478 2859 650 2901 litteris
684 2862 750 2901 sic
785 2860 902 2913 quod
923 2861 960 2901 R
983 2861 1039 2914 <¹?)
1071 2861 1094 2901 b
1143 2858 1162 2916 ll
