1982 3230
262 125 371 179 210
742 124 1043 166 MARTIANI
1073 124 1394 167 CAPELLAE
1450 137 1483 147 ⁴·

265 283 456 333 ropam,
484 267 661 321 Asiam,
689 265 1018 330 Africamque.
1094 280 1303 331 quarum
1338 268 1552 331 primam
1578 273 1726 330 atque
1758 265 1875 317 ulti·

152 356 236 395 623
266 353 398 387 mam
442 336 736 398 interruptio
780 336 1015 399 dispescit
1053 334 1250 386 Oceani.
1336 352 1449 386 nam
1487 337 1728 388 Atlantici.
1755 351 1871 400 pro-

266 407 405 457 fundi
433 422 491 455 ex
519 406 759 455 Gaditano
785 408 912 455 freto
951 407 1024 455 uis
1061 408 1364 456 intersecans
1397 407 1643 471 profunda
1676 406 1872 458 telluris

264 476 502 542 Lybicum
527 475 714 525 Hibero
751 475 878 525 latus
905 476 1112 526 abscidit
1147 483 1196 525 et
1221 478 1476 526 confestim
1504 494 1557 527 se
1582 479 1634 526 in
1668 478 1872 543 propin-

267 549 352 613 qui
377 548 526 596 maris
551 546 732 595 fluenta
761 545 964 596 diffudit.
1043 548 1225 611 quippe
1252 563 1278 596 a
1307 548 1544 598 Gaditano
1571 548 1696 597 ostio
1722 549 1774 597 in
1798 549 1872 597 in·
1916 556 1944 589 ⁵

269 632 495 681 gressum
544 617 794 666 interioris
843 618 994 666 maris
1032 632 1123 681 per
1171 616 1530 680 longitudinem
1578 633 1753 668 cursus
1791 618 1874 667 uix
1977 617 1979 628 ¹

271 688 556 754 quindecim
582 701 814 752 passuum
841 687 971 736 milia
1009 694 1352 745 numerantur,
1392 687 1595 738 latitudo
1624 704 1761 746 uero,
1789 687 1875 736 ubi

269 759 526 822 angustior
564 759 797 821 quinque,
837 757 922 806 ubi
960 757 1135 807 diffusa
1173 765 1377 822 septem,
1416 758 1502 808 ubi
1526 759 1763 823 prolixior
1789 757 1872 807 de-

269 844 377 878 cem
434 826 631 877 milibus
681 827 967 892 explicatur.
1055 829 1170 877 hinc
1219 828 1468 878 defluxere
1515 845 1604 894 per
1652 829 1875 878 diuersos

270 901 406 948 sinus
455 898 865 962 subsidentesque
913 913 1114 963 campos
1150 904 1223 947 tot
1259 901 1414 948 maria
1451 904 1522 948 tot
1566 900 1790 964 fragores
1828 904 1876 947 et
1897 907 1946 940 n>

154 985 238 1025 624
269 974 507 1033 quantum
543 984 635 1033 per
674 969 867 1018 diuersa
903 983 1117 1032 aequora
1154 970 1395 1018 tumescit.
1472 970 1718 1019 undarum
1752 983 1875 1018 uero

267 1039 348 1089 illa
386 1041 646 1103 proruptio
682 1038 1011 1088 interfluentis
1053 1038 1237 1088 Oceani
1282 1039 1423 1088 laeua
1459 1040 1708 1102 Europam
1744 1039 1872 1095 facit,

268 1109 571 1174 Lybiamque
617 1109 811 1165 dextra,
866 1115 913 1158 et
955 1108 1209 1158 montibus
1250 1110 1501 1174 utrimque
1547 1108 1873 1158 concluditur.

269 1195 384 1229 nam
411 1179 471 1228 ab
499 1180 696 1244 Europa
726 1179 888 1242 Calpe,
916 1180 1081 1229 Africa
1107 1179 1256 1244 Abyla
1284 1185 1451 1230 monte
1478 1179 1761 1245 despicitur,
1789 1178 1873 1243 qui

270 1252 520 1313 utrimque
547 1251 888 1314 prominentes
916 1250 1012 1299 dici
1039 1249 1298 1299 columnae
1316 1250 1542 1300 Herculis
1567 1254 1872 1304 meruerunt,
1898 1257 1945 1290 15

271 1320 401 1385 quod
427 1321 709 1369 testimonio
744 1322 1002 1369 uetustatis
1039 1319 1225 1369 laboris
1251 1320 1484 1370 Herculei
1519 1319 1659 1371 limes
1698 1321 1747 1368 in
1781 1317 1877 1368 illis

270 1392 332 1440 sit
359 1396 692 1447 consecratus,
720 1391 762 1438 si
782 1390 980 1454 quidem
1006 1389 1135 1439 ultra
1163 1405 1274 1439 eum
1296 1390 1530 1455 progredi
1556 1394 1878 1454 consumptae

158 1474 242 1515 625
273 1459 462 1509 telluris
497 1461 630 1509 inuia
675 1459 1023 1524 prohibebant.
1100 1461 1310 1524 denique
1355 1463 1501 1510 etiam
1537 1459 1630 1509 hoc
1677 1460 1737 1509 de
1771 1460 1877 1509 eius

270 1545 440 1580 sacrae
476 1531 669 1579 uirtutis
694 1530 1018 1594 possibilitate
1044 1545 1363 1594 persuasum,
1401 1531 1555 1595 quod,
1595 1545 1708 1579 cum
1734 1534 1877 1579 antea

119 1613 253 1656 2026
272 1608 446 1649 natura
481 1601 627 1648 terris
671 1601 825 1649 maria
863 1600 1139 1665 dispararet
1181 1616 1237 1649 ac
1273 1607 1463 1649 tantum
1499 1601 1629 1663 cingi
1666 1600 1876 1649 circuitu
1897 1608 1945 1641 20

270 1672 490 1720 firmaret
508 1669 705 1727 Oceani,
734 1671 973 1719 montium
991 1670 1360 1735 praedictorum
1388 1671 1574 1719 effossis
1593 1668 1876 1734 <radicibus

271 1740 564 1803 diuulsoque
603 1741 816 1789 confinio
853 1755 1143 1805 camporum
1171 1740 1373 1790 deuexis
1407 1739 1693 1803 lacunisque
1719 1745 1876 1789 terra—

270 1827 382 1861 rum
417 1812 742 1874 improuisum
778 1811 981 1874 pelagus
1015 1812 1066 1859 in
1103 1825 1247 1860 usum
1294 1812 1533 1876 impigrae
1569 1809 1879 1860 mortalitatis

272 1882 467 1931 admisit
513 1886 802 1946 permutans
839 1880 974 1930 orbis
1014 1881 1189 1931 faciem
1234 1888 1536 1944 naturaeque
1574 1881 1874 1930 discrimina.

159 1965 240 2005 626
271 1953 367 2001 hoc
402 1952 551 2014 igitur
586 1950 712 2000 freto
760 1951 1044 2000 laeuorsum
1078 1952 1276 2016 Europa
1312 1951 1603 2001 distenditur
1636 1965 1793 2015 usque
1828 1950 1878 1998 in
1898 1959 1945 1993 2⁵

271 2022 450 2071 Tanais
474 2021 691 2069 fluminis
717 2023 979 2083 gurgitem,
1009 2037 1035 2070 a
1062 2038 1160 2086 quo
1186 2022 1424 2071 incohans
1449 2023 1561 2071 Asia
1586 2020 1686 2070 Nili
1707 2021 1878 2070 itidem

275 2091 416 2141 alueo
462 2090 712 2139 limitatur.
789 2092 872 2154 qui
907 2092 1104 2155 quidem
1145 2091 1285 2141 Nilus
1323 2092 1528 2141 eandem
1565 2092 1879 2155 Africamque

273 2161 588 2224 disrumpens
616 2159 806 2210 telluris
833 2160 1146 2225 complexum
1166 2163 1430 2211 intersecat
1455 2160 1766 2210 multitudine
1785 2161 1876 2209 ssu-

270 2231 481 2280 uiorum.
555 2230 804 2294 Europam
832 2236 995 2279 tamen
1035 2232 1289 2280 terminari
1317 2231 1627 2295 Propontidis
1654 2229 1877 2279 faucibus

386 2413 410 2462 ἕ
429 2413 524 2452 -624
555 2425 610 2452 ex
639 2412 791 2451 Plinio
820 2411 891 2452 ΙΙΙ
921 2413 948 2451 4

386 2582 411 2620 2
443 2579 632 2633 dispicit
651 2580 690 2620 R
711 2585 753 2620 et
766 2592 886 2624 corr.
909 2582 952 2620 in
973 2580 1194 2633 dispescit
1210 2582 1253 2621 B
1273 2581 1470 2631 (dissicit
1488 2595 1622 2634 supra
1641 2582 1741 2622 add.
1764 2580 1810 2630 b)

274 2636 522 2677 athlantici
548 2636 591 2676 B
623 2635 896 2676 athalentici
923 2637 963 2676 R
1010 2634 1030 2690 Η
1077 2638 1104 2677 5
1135 2636 1349 2677 diffundit
1378 2638 1420 2677 B
1467 2635 1486 2692 Η
1533 2637 1683 2678 hostio
1711 2636 1793 2677 BR

276 2695 335 2745 in
364 2694 406 2733 B
453 2689 472 2746 ll
519 2694 572 2733 10
601 2692 798 2746 flagores
828 2690 885 2732 B¹
933 2689 955 2746 [Ι
1002 2695 1054 2733 13
1084 2692 1335 2746 libiamque
1358 2694 1400 2733 B
1428 2693 1734 2745 lymbiamque
1763 2693 1802 2734 R

280 2752 334 2789 14
373 2749 479 2802 alpe
511 2748 575 2792 B1
622 2744 644 2802 Η
690 2747 842 2800 Abyla.
867 2762 898 2800 p
938 2748 995 2789 ab
1028 2751 1168 2789 aetna
1195 2750 1279 2790 BR
1344 2748 1359 2803 ΙΙ
1424 2749 1665 2801 dispicitur
1691 2747 1794 2789 B¹R

266 2807 324 2846 20
353 2804 562 2857 disperar
582 2808 628 2844 et
656 2803 773 2845 B¹R²
811 2802 825 2858 ΙΙ
869 2807 922 2846 23
951 2805 1298 2846 inmortalitatis
1323 2807 1366 2845 D
1394 2803 1407 2858 Η
1444 2807 1499 2845 26
1526 2805 1715 2846 incoans
1734 2805 1777 2844 B
1806 2805 1879 2845 in-

272 2860 444 2901 choans
473 2861 539 2901 bD
577 2859 592 2913 Η
622 2863 676 2901 28
708 2860 946 2914 complexu
974 2861 1016 2901 B
1038 2859 1068 2914 ἸΙ
1105 2863 1396 2902 intersecans
1421 2859 1525 2900 B¹D
1554 2858 1568 2914 Η
