1982 3230
318 136 428 190 258
802 137 1102 180 MARTIANI
1133 137 1452 180 CAPELLAE

323 278 643 335 merandum,
671 279 766 327 rite
793 293 900 327 eam
928 283 1039 328 ante
1066 279 1240 342 ipsum,
1269 295 1417 345 quem
1444 281 1714 347 principem
1743 281 1928 340 dixere,
1961 309 1978 333 ·.

326 363 640 399 ueneramur.
677 363 772 397 nec
794 347 1111 398 dissimulabo
1139 365 1199 398 ex
1221 365 1279 399 eo
1307 350 1437 414 quod
1460 366 1633 402 monas
1657 358 1926 402 retractan-

323 419 455 468 tibus
480 434 660 476 unum,
696 418 855 469 solum
890 420 1047 482 ipsam
1075 434 1181 469 esse
1217 420 1277 469 ab
1305 435 1458 485 eaque
1485 428 1647 471 cetera
1674 423 1928 487 procreari

159 499 312 541 2386
327 490 645 553 omniumque
671 504 991 539 numerorum
1019 489 1173 538 solam
1199 491 1513 540 seminarium
1541 508 1649 542 esse
1676 491 1927 558 solamque

190 1765 286 1806 2732

320 575 605 609 mensuram
635 566 682 609 et
700 562 1120 610 incrementorum
1148 575 1342 610 causam
1362 569 1641 628 statumque
1661 563 1926 612 detrimen·
1969 578 1982 609 ε

323 638 501 679 torum.
565 646 689 695 quae
716 637 878 680 tamen
915 630 1099 693 ubique
1126 647 1241 695 pars
1279 639 1352 681 est
1387 631 1568 698 ubique
1593 640 1772 689 totum,
1810 632 1926 682 dum

321 716 413 766 per
440 708 615 750 cuncta
652 707 920 766 perpetua:
959 716 1119 765 neque
1145 703 1274 751 enim
1303 718 1426 767 quae
1463 709 1674 753 estante
1712 705 1925 753 extantia

322 777 372 821 et
398 786 522 835 quae
555 779 668 836 post
707 771 965 834 absumpta
990 787 1086 820 non
1126 771 1468 831 absconditur,
1505 779 1666 838 potest
1691 788 1790 823 non
1817 788 1924 823 esse

322 848 576 906 perpetua.
652 842 780 891 hanc
823 843 972 904 igitur
1007 848 1199 905 patrem
1235 844 1454 892 omnium
1487 843 1654 893 Iouem
1691 845 1782 893 rite
1818 858 1924 893 esse

319 913 649 969 nominatum,
697 912 826 976 quod
864 912 1061 976 quidem
1106 913 1274 962 idealis
1318 913 1445 962 illius
1486 913 1924 978 intellectualisque
1947 930 1982 962 ιε

319 983 504 1046 speciei
538 983 613 1030 uis
640 983 886 1031 causatiua
922 988 1143 1032 testatur.
1207 984 1266 1032 ad
1294 985 1431 1033 cuius
1458 983 1734 1048 exemplum
1767 998 1922 1033 unum

320 1052 467 1102 deum
510 1067 663 1101 unum
708 1052 982 1117 mundum>
1032 1068 1283 1117 unumque
1328 1053 1482 1103 solem
1525 1054 1922 1118 singularemque

319 1122 504 1178 lunam,
528 1122 771 1172 elementa
793 1124 951 1179 etiam,
974 1122 1061 1171 1111
1075 1138 1198 1187 quae
1218 1130 1397 1180 extant,
1427 1123 1616 1187 singula
1638 1126 1923 1173 memorari.

318 1192 437 1243 licet
470 1193 781 1254 AristoteleS,
832 1208 959 1242 uuus
999 1210 1024 1242 e
1060 1193 1383 1243 sectatoribus
1419 1196 1565 1250 meiS,
1605 1211 1664 1244 ex
1700 1210 1757 1244 eo
1792 1193 1923 1260 quod

318 1278 471 1312 unum
500 1264 658 1313 solum
686 1264 791 1328 ipsa
819 1264 879 1312 sit
905 1270 952 1312 et
979 1279 1030 1312 se
1058 1265 1228 1328 quaeri
1254 1279 1449 1328 semper
1475 1264 1615 1325 uelit,
1643 1264 1920 1328 cupidinem
1946 1280 1982 1313 ιε

317 1334 513 1383 adserat
550 1335 848 1382 nominatam
878 1334 1008 1397 quod
1044 1350 1096 1383 se
1125 1336 1311 1399 cupiat,
1352 1336 1392 1383 si
1418 1335 1615 1399 quidem
1641 1335 1768 1384 ultra
1804 1334 1923 1383 nihil

316 1403 498 1453 habeat
524 1410 570 1453 et
596 1419 771 1467 expers
789 1404 936 1452 totius
964 1403 1187 1453 elationis
1216 1411 1297 1453 aut
1317 1404 1521 1469 copulae
1547 1407 1593 1454 in
1616 1421 1667 1454 se
1694 1406 1922 1468 proprios

318 1474 580 1537 detorquet
624 1474 844 1523 ardores
920 1474 1048 1523 hanc
1084 1491 1280 1539 quoque
1317 1474 1397 1523 alii
1443 1476 1756 1524 concordiam
1794 1475 1922 1524 hanc

316 1545 548 1608 pietatem
586 1546 946 1608 amicitiamque
983 1545 1175 1600 dixeie,
1215 1545 1346 1608 quod
1382 1547 1447 1594 ita
1484 1551 1706 1594 nectatur
1733 1551 1787 1594 ut
1820 1559 1918 1593 non

316 1621 515 1664 secetur
558 1616 606 1663 in
650 1621 840 1678 partes:
903 1622 1067 1663 tamen
1117 1617 1300 1664 rectius
1341 1615 1558 1679 luppiter
1607 1621 1919 1679 nuncupatur
1942 1630 1982 1661 20

317 1686 450 1748 quod
477 1686 537 1734 sit
563 1686 689 1734 idem
719 1692 865 1748 caput
891 1700 946 1733 ac
972 1692 1111 1749 pater
1139 1686 1358 1735 deorum.

458 1755 678 1836 Denique
714 1770 825 1804 cum
851 1770 1004 1804 unum
1033 1755 1157 1805 sacta
1194 1757 1242 1804 iu
1269 1756 1614 1820 quodcumque
1644 1755 1916 1811 defluxerit,

314 1825 432 1875 licet
459 1828 565 1875 eius
591 1825 719 1875 linea
754 1825 1030 1874 insecabilis
1056 1841 1112 1874 ac
1140 1828 1245 1876 sine
1272 1825 1539 1876 latitudinis
1565 1826 1917 1890 significatione

314 1896 564 1953 fundatur,
594 1896 798 1961 dyadem
825 1903 988 1944 tamen
1016 1896 1144 1946 facit.
1184 1912 1309 1959 quae
1336 1908 1485 1947 DYAS
1515 1897 1645 1960 quod
1672 1898 1733 1945 sit
1757 1897 1916 1964 prima

314 1967 593 2030 procreatio
631 1982 655 2015 a
683 1981 781 2014 non
818 1965 962 2015 nullis
996 1968 1189 2029 genesis
1216 1967 1358 2015 dicta.
1425 1967 1552 2031 quod
1591 1973 1753 2016 autem
1787 1968 1916 2016 inter
1938 1979 1982 2011 25

315 2052 422 2085 eam
469 2052 524 2085 ac
570 2037 827 2084 monadem
874 2038 1031 2099 prima
1074 2038 1354 2086 coniunctio
1399 2045 1472 2087 est
1516 2037 1916 2100 consortiumque

313 2105 584 2162 consimile,
612 2107 732 2155 Iuno
752 2106 1038 2168 perhibetur
1065 2107 1144 2156 uel
1172 2109 1384 2157 coniunx
1410 2107 1489 2157 uel
1514 2121 1747 2170 germana
1774 2121 1915 2169 prac-

314 2176 550 2225 cedentis.
590 2184 664 2226 est
691 2182 853 2224 autem
880 2176 1154 2225 medietatis
1181 2193 1348 2240 capax.
1396 2193 1508 2226 nam
1534 2177 1664 2226 bona
1690 2176 1914 2241 malaque

313 2247 590 2310 participat.
666 2246 836 2295 eadem
883 2246 1127 2295 discordia
1172 2263 1232 2296 ex
1276 2262 1370 2310 qua
1421 2247 1628 2296 aduersa
1679 2248 1911 2303 oriantur,

315 2323 484 2380 utpote
506 2332 631 2380 quae
657 2317 815 2381 prima
838 2318 1015 2380 poterit
1035 2316 1094 2365 ab
1117 2317 1412 2366 adhaerente
1439 2317 1672 2382 separari,
1701 2318 1749 2365 in
1770 2315 1912 2365 bonis
1934 2327 1980 2360 30

423 2488 449 2526 3
489 2486 547 2526 ab
580 2498 728 2538 eaque
758 2486 799 2524 D
830 2485 888 2525 ab
921 2498 977 2525 ea
1009 2485 1159 2537 adque
1193 2483 1323 2537 (corr.
1354 2488 1397 2526 in
1427 2484 1582 2538 atque)
1611 2485 1654 2524 B
1690 2481 1710 2538 ΙΙ
1749 2486 1775 2526 8
1807 2485 1912 2525 abs·

311 2541 521 2582 conditur
541 2543 582 2582 D
622 2541 922 2582 abscenditur
942 2541 985 2581 B
1033 2541 1257 2582 scinditur
1285 2543 1309 2583 b
1348 2539 1368 2608 ΙΙ
1408 2544 1461 2583 10
1489 2555 1622 2594 supra
1652 2540 1777 2581 illius
1807 2541 1908 2580 add.

309 2598 518 2638 omnibus
548 2598 573 2638 b
611 2594 630 2651 ΙΙ
671 2600 722 2639 13
753 2598 847 2638 1111
879 2610 998 2649 quae
1022 2601 1182 2638 extant
1209 2600 1368 2651 scripsi
1394 2599 1443 2637 in
1465 2610 1553 2650 quo
1577 2599 1734 2638 extant
1752 2595 1834 2636 BR

308 2654 561 2695 memoraui
589 2654 612 2694 b
650 2650 670 2707 ΙΙ
718 2655 771 2693 14
802 2653 1056 2695 aristotiles
1083 2652 1185 2695 B¹R
1234 2651 1241 2708 Ι
1282 2655 1334 2694 16
1364 2656 1424 2696 ad
1449 2655 1582 2762 ultra¹
1588 2654 1697 2762 Ιαᾱιί.
1727 2664 1777 2692 se
1808 2651 1832 2692 b

306 2712 363 2804 1197
353 2711 627 2806 Rproprium
649 2707 749 2750 B¹R
787 2705 806 2764 ΙΙ
853 2711 908 2750 20
935 2710 1166 2763 iupiterR
1210 2707 1218 2764 Ι
1278 2712 1330 2751 21
1362 2709 1412 2750 fit
1430 2709 1530 2750 B'R
1641 2710 1697 2749 24
1726 2707 1908 2749 diadem

353 2763 458 2819 ΗΙΙ
506 2765 681 2817 dyadas
709 2765 768 2805 Βι
819 2762 838 2819 ΙΙ
886 2767 940 2806 25
980 2779 1007 2807 a
1036 2779 1113 2809 om.
1141 2763 1247 2821 RH
1301 2777 1358 2806 —2—
1380 2772 1483 2819 post
1511 2706 1636 2805 dic'ta
1664 2765 1765 2805 add.
1795 2763 1819 2804 b

306 2765 364 2860 252
404 2835 459 2861 ex
499 2833 589 2873 qua
627 2822 747 2862 Vulc.
793 2828 839 2862 et
869 2833 988 2873 quae
1015 2813 1100 2862 BR
1160 2819 1180 2876 ΙΙ
1242 2823 1446 2864 oriuntur
1473 2821 1496 2860 b
1548 2821 1726 2861 riantur
1764 2819 1806 2860 B

299 2878 364 2917 30
393 2880 553 2929 utpute
585 2878 623 2919 R
663 2875 682 2931 ΙΙ
737 2878 957 2918 adei-ente
977 2877 1037 2920 B¹
1077 2875 1098 2931 ΙΙ
