1982 3230
299 133 403 185 208
777 131 1077 174 MARTIAM
1100 131 1418 174 CAPELLAE
1964 0 1982 152 l

183 274 453 331 615'midio
488 274 650 322 minor
687 288 831 337 quam
872 273 999 323 dicta
1035 279 1108 322 est
1151 272 1404 337 collegisse
1437 274 1708 339 longitudo.
1786 291 1895 326 nam

303 343 547 407 colligitur
585 346 635 391 in
671 344 992 407 quinquagies
1041 350 1214 407 quater
1262 350 1467 394 centena
1512 347 1762 409 sexaginta
1800 346 1898 395 duo

300 413 448 468 milia,
524 413 705 478 quippe
731 429 758 461 a
784 412 947 462 littore
971 413 1244 478 Aethiopici
1277 416 1472 473 oceani,
1501 431 1596 480 qua
1622 415 1900 465 habitabilis

147 498 284 540 2006
303 485 517 548 primum
546 488 643 540 est,
673 483 733 532 ad
758 484 986 540 Meroen,
1023 484 1138 533 inde
1164 483 1507 534 Alexandriam
1531 485 1761 535 Rhodum
1787 486 1898 536 Cni-

303 555 421 603 dum
458 553 610 603 Coum
647 553 848 602 Samum
887 553 1060 602 Chium
1093 553 1354 619 Mitylenen
1392 555 1645 605 Tenedum
1673 556 1899 619 Sigeum·
1941 567 1962 600 5

303 640 399 688 que
424 624 839 687 promunturium,
868 639 923 672 os
943 623 1375 673 PontiCarambim
1401 627 1817 689 promunturium,
1846 640 1900 674 os

301 693 570 750 MaeotidiS,
596 694 966 743 ostium'Tanais
992 695 1241 757 praedicta
1269 695 1506 745 dimensio
1533 695 1898 760 comprobatur.

307 764 615 829 quiquidem
651 779 824 813 cursus
850 765 891 813 si
924 779 1015 828 per
1052 766 1206 813 maria
1240 770 1543 822 transeatur,
1579 767 1630 814 in
1667 780 1900 830 compen·
1952 798 1956 801 >

193 845 278 884 616
311 835 442 883 dium
470 834 605 883 ducit
639 834 772 882 milia
810 840 1032 883 sescenta
1067 837 1372 899 septuaginta
1410 843 1538 885 octo,
1613 836 1710 884 huc
1748 850 1900 898 usque

188 1468 272 1508 617

191 1679 275 1718 618

302 911 610 968 compertum
646 918 963 968 progressum
988 906 1324 955 Artemidorus
1362 912 1612 956 asseuerat
1635 905 1723 954 sed
1749 905 1899 955 Isido-
1924 919 1966 950 10

301 990 387 1023 rus
414 975 590 1023 adiecit
616 974 878 1023 duodecies
904 975 1253 1039 quinquaginta
1291 992 1446 1040 usque
1483 977 1542 1024 ad
1561 975 1756 1040 Thylen
1790 974 1900 1024 ulti-

303 1060 433 1094 mam
461 1043 613 1093 tendi.
690 1060 813 1107 quae
839 1044 1037 1109 quidem
1076 1046 1289 1109 opinatio
1326 1047 1450 1094 mihi
1477 1045 1671 1094 uidetur
1696 1047 1897 1094 incerta.

304 1130 418 1164 nam
442 1115 536 1178 ipsi
559 1115 847 1163 tantundem
871 1114 1138 1165 latitudinis
1163 1116 1322 1165 inesse
1350 1115 1457 1164 dico
1485 1120 1720 1178 quantum
1744 1114 1902 1177 longi-

304 1185 488 1234 tudinis
526 1184 953 1249 comprehensum.
1030 1201 1189 1250 neque
1217 1188 1347 1235 enim
1374 1201 1485 1235 cum
1521 1179 1789 1234 rotundum
1815 1183 1902 1234 tel-

304 1255 425 1304 luris
453 1254 625 1303 orbem
653 1256 883 1304 astructio
910 1256 1139 1320 superior
1163 1257 1384 1321 ratioque
1411 1256 1717 1313 monstrarit,
1745 1257 1902 1319 impar
1924 1266 1968 1300 15

304 1325 433 1374 latus
460 1324 606 1387 globo
633 1327 814 1387 poterit
838 1327 1119 1387 prouenire.

448 1395 546 1444 Sed
588 1409 737 1458 supra
773 1395 888 1443 dicti
925 1397 1189 1457 scriptores
1228 1395 1532 1459 aequabilem
1569 1396 1736 1444 dixere
1762 1393 1903 1444 tellu-

302 1480 426 1514 rem.
500 1463 810 1513 rotunditatis
844 1471 1008 1514 autem
1042 1466 1194 1529 ipsius
1221 1467 1349 1514 circa
1376 1467 1552 1514 extima
1579 1465 1904 1529 circumfusus

305 1535 457 1584 ambit
505 1533 757 1591 Oceanus,
806 1536 931 1584 sicut
973 1537 1230 1598 nauigatus
1275 1535 1491 1598 undique
1537 1534 1901 1598 comprobatur.

278 1642 280 1644 .
306 1620 419 1654 nam
446 1620 472 1652 a
500 1604 716 1654 Gadibus
751 1620 841 1669 per
866 1605 1128 1667 Hispaniae
1155 1604 1519 1669 Galliarumque
1554 1604 1736 1654 flexum
1773 1605 1901 1653 occi·
1925 1616 1966 1647 20

307 1673 514 1724 dentalis
561 1674 703 1738 plaga
749 1676 906 1724 omnis
942 1675 1185 1740 hodieque
1227 1677 1502 1736 nauigatur.
1579 1674 1695 1722 dum
1743 1679 1906 1723 autem

308 1744 450 1793 diuus
476 1746 722 1806 Augustus
750 1744 904 1794 classe
932 1745 1245 1794 Germaniam
1274 1745 1580 1800 circumiret,
1609 1744 1903 1808 septentrio-

306 1814 469 1863 nalem
519 1820 676 1863 totum
725 1817 1001 1879 permeauit
1050 1814 1352 1879 (Oceanum.
1428 1830 1542 1863 nam
1591 1814 1804 1877 primum
1853 1814 1904 1861 in

307 1884 606 1933 Cimbricum
618 1886 1019 1948 promunturium
1031 1886 1233 1934 ueniens
1256 1900 1433 1949 magno
1453 1885 1630 1933 dehInc
1642 1897 1903 1947 permenso

306 1956 432 2003 mari
457 1954 517 2003 ad
545 1955 820 2018 Scythicam
846 1954 1037 2018 plagam
1074 1970 1129 2003 ac
1156 1955 1369 2019 rigentes
1395 1955 1549 2004 undas
1575 1969 1730 2018 usque
1754 1967 1904 2018 pene·
1926 1963 1968 1996 25

419 2150 443 2198 ἓ
475 2149 556 2188 616
589 2161 643 2188 ex
673 2148 824 2189 Plinio
855 2149 902 2189 II
932 2150 1014 2189 246
1063 2146 1082 2202 Η
1130 2150 1153 2199 ς’
1185 2151 1265 2191 617
1298 2153 1343 2191 et
1374 2150 1455 2189 618
1489 2162 1545 2190 ex
1574 2149 1725 2190 Plinio
1755 2149 1803 2189 11
1826 2149 1906 2189 167

422 2320 447 2358 2
478 2316 905 2357 XLIIII.LXXXX
944 2316 1074 2356 milia
1112 2317 1275 2357 Plinius
1329 2314 1347 2370 Η
1404 2319 1429 2358 3
1474 2316 1605 2356 litore
1637 2316 1676 2356 R
1721 2312 1743 2369 Il
1793 2315 1906 2355 etio-

308 2373 403 2426 pici
422 2373 505 2414 BR
545 2372 763 2425 ethiopici
791 2373 814 2412 b
861 2367 905 2426 [Γ
931 2374 958 2413 4
988 2385 1109 2412 rome
1142 2372 1297 2412 nidum
1316 2373 1358 2412 B
1387 2372 1545 2412 rodum
1577 2371 1752 2411 cnidum
1782 2371 1805 2411 b
1836 2383 1906 2410 ro-

311 2430 415 2469 dum
446 2428 635 2482 gnidum
662 2429 701 2469 R
747 2425 768 2482 [1
815 2428 840 2468 5
873 2429 1036 2480 chyum
1055 2427 1097 2467 B
1143 2425 1164 2482 Η
1214 2431 1239 2469 6
1269 2430 1626 2482 promuntorium
1648 2427 1671 2467 b
1700 2439 1906 2479 promon-

310 2485 476 2525 torium
502 2486 542 2525 R
589 2482 608 2538 [l
655 2486 1012 2537 promuntorium
1043 2484 1066 2524 b
1105 2486 1462 2538 promonturium
1489 2485 1527 2524 R
1575 2483 1593 2536 Η
1641 2482 1906 2524 7·meotidis

309 2541 512 2582 hostium
541 2540 623 2581 BR
671 2538 690 2594 [l
737 2541 763 2581 8
805 2542 882 2594 qui
912 2552 1069 2580 cursus
1111 2540 1375 2593 conpendiis
1415 2540 1554 2580 maris
1590 2539 1772 2580 breuior
1808 2536 1908 2578 fieri

310 2600 465 2649 potest
493 2596 732 2636 LXXXIX
762 2596 892 2637 milia
922 2598 1087 2636 Plinius
1133 2594 1152 2651 ΙΙ
1201 2598 1226 2637 9
1257 2599 1475 2637 sexcenta
1504 2596 1543 2635 R
1579 2591 1598 2648 ΙΙ
1647 2595 1699 2634 10
1730 2593 1906 2633 esiodo-

310 2665 387 2692 rus
409 2653 432 2692 b
470 2649 492 2706 [J
531 2654 582 2693 Ll
615 2652 890 2693 duodeciens
923 2655 1119 2693 centena
1149 2651 1278 2692 milia
1309 2651 1642 2704 quinquaginta
1671 2650 1832 2689 Plinius
1870 2645 1891 2702 ΙΙ

312 2708 441 2760 tylen
468 2709 550 2749 BR
588 2705 607 2761 U
657 2710 709 2749 15
739 2711 1016 2749 monstraret
1042 2708 1080 2748 R
1124 2705 1143 2762 ΙΙ
1193 2710 1244 2749 17
1276 2706 1564 2761 aequabilem
1593 2706 1751 2757 scripsi
1776 2704 1910 2744 habi-

315 2764 508 2805 tabilem
534 2764 617 2805 BR
667 2761 687 2817 ΙΙ
744 2765 796 2805 18
835 2765 960 2805 circa
990 2764 1041 2804 br
1088 2765 1155 2804 cir
1183 2764 1266 2805 BR
1309 2761 1329 2816 Η
1380 2765 1434 2803 20
1471 2762 1682 2814 ispaniae
1714 2760 1764 2800 br
1801 2772 1906 2812 spa·

313 2819 419 2860 niae
440 2821 523 2861 BR
570 2816 591 2874 Η
638 2822 691 2860 21
724 2820 916 2873 odieque
937 2821 976 2860 R
1013 2817 1043 2873 [l
1081 2821 1135 2860 24
1164 2819 1519 2872 promuntorium
1541 2817 1606 2857 bD
1640 2812 1659 2870 Η
1696 2817 1749 2857 25
1780 2816 1906 2856 sciti-

316 2886 418 2914 cam
437 2876 480 2915 B
510 2876 753 2918 sciaticam
772 2878 812 2916 D
862 2874 881 2930 ss
929 2877 1195 2929 agrigentes
1215 2877 1256 2914 D
1301 2871 1323 2928 Η
