1982 3230
764 59 951 102 LIBER
981 60 1044 102 VI
1323 17 1325 20 ι
1601 57 1708 111 231

94 208 320 271 Hippone
348 205 591 269 Diarryto.
657 202 834 251 deinde
869 201 1268 266 promunturium
1296 199 1533 266 Apollinis
1571 206 1619 250 et
1654 202 1704 251 in

94 276 189 327 alio
215 277 328 326 sinu
348 274 480 323 Vtica
508 272 703 323 Catonis
730 278 890 321 morte
917 271 1248 328 memoranda,
1276 270 1460 321 flumen
1481 271 1702 336 Bagrada

95 363 153 396 ac
178 347 454 411 propinqua
483 343 726 405 Carthago
753 341 916 390 inclita
944 341 1133 406 pridem
1162 343 1338 399 armiS,
1380 356 1512 391 nunc
1548 341 1702 393 felici·

93 424 192 466 tate
227 413 515 465 reuerenda.
591 413 790 461 demum
816 410 1006 460 Maxula
1037 411 1181 474 Carpi
1207 411 1397 460 Messua
1425 412 1704 479 Clypeaque

48 499 71 532 5
94 489 143 536 in
169 484 515 551 promunturio
544 482 793 532 Mercurii.
845 482 959 530 item
989 481 1197 531 Curubis
1222 480 1468 544 Neapolis,

233 555 345 605 Mox
371 553 462 604 alia
490 553 762 601 distinctio:
799 550 1192 615 Libyphoenices
1227 560 1470 600 uocantur
1497 554 1578 616 qui
1608 555 1698 620 By·
1731 569 1827 610 6⁷0>

59 626 62 627 ⁷
91 627 278 676 zacium
305 623 540 673 incolunt.
617 637 742 686 quae
769 622 906 684 regio
934 621 1162 670 ducentis
1190 621 1545 685 quinquaginta
1572 624 1700 672 mili-

88 695 183 745 bus
208 709 442 759 passuum
469 694 718 742 circuitur.
798 692 936 740 cuius
964 692 1088 739 satio
1118 693 1384 740 centesimo
1421 693 1595 741 messis
1621 695 1697 743 in-

90 771 342 815 cremento
370 764 639 814 feneratur.
691 762 771 810 hic
798 761 975 826 oppida
1000 761 1196 826 Pupput
1214 761 1513 811 Adrumetus
1533 763 1700 828 Leptis

24 850 67 882 10
88 836 287 900 Ruspae
327 834 518 899 Tapsus
545 833 713 882 Tenae
747 834 876 881 Aues
910 831 1223 881 Macomades
1259 831 1453 895 Tacape
1491 833 1696 884 Sabrata

89 907 384 969 contingens
411 905 591 969 Syrtim
620 904 886 957 minorem,
925 902 984 950 ad
1012 916 1159 965 quam
1196 902 1454 952 Numidiae
1492 910 1540 951 et
1564 904 1692 954 Afri·
1714 918 1854 959 2176

87 991 174 1026 cae
209 975 269 1025 ab
295 978 538 1039 Ampsaga
568 972 822 1037 longitudo
851 979 965 1021 sunt
995 970 1126 1021 milia
1149 973 1414 1038 quingenta
1435 976 1698 1038 octoginta,

84 1045 289 1096 latitudo
316 1045 545 1094 ducenta.

229 1115 426 1164 Tertius
451 1116 587 1163 sinus
613 1112 848 1162 diuiditur
885 1113 934 1161 in
969 1114 1194 1175 geminos
1231 1112 1439 1162 duarum
1479 1113 1695 1180 Syrtium
1726 1120 1810 1164 671

20 1199 64 1233 15
89 1200 317 1235 recessus
350 1184 536 1234 uadoso
578 1199 634 1232 ac
671 1184 930 1246 reciproco
969 1183 1106 1231 mari.
1182 1183 1266 1231 sed
1296 1184 1459 1231 minor
1486 1184 1642 1250 Syrtis
1669 1201 1697 1235 a

88 1255 384 1319 Carthagine
411 1254 551 1303 abest
577 1254 809 1302 trecentis
836 1251 1047 1301 milibus.
1099 1252 1159 1300 ad
1188 1254 1426 1302 maiorem
1456 1270 1575 1303 uero
1604 1271 1697 1319 per

87 1325 284 1375 deserta
311 1325 560 1388 pergitur,
589 1337 716 1386 quae
742 1321 1056 1387 serpentibus
1082 1322 1290 1372 diuersis
1328 1338 1385 1371 ac
1411 1322 1527 1373 feris
1555 1325 1695 1374 babi-

83 1401 264 1444 tantur.
339 1401 450 1458 post
483 1394 604 1442 haec
632 1393 965 1445 Garamantes,
1039 1406 1189 1455 super
1223 1393 1314 1442 hos
1351 1393 1491 1443 suere
1529 1394 1692 1460 Psylli.

82 1466 132 1514 in
168 1465 363 1515 deflexu
410 1464 582 1513 ciuitas
609 1462 812 1512 Oeensis
850 1468 898 1511 et
923 1462 1088 1526 Leptis
1122 1478 1314 1528 magna.
1392 1464 1503 1514 inde
1537 1465 1695 1530 Syrtis

12 1549 63 1583 20
85 1535 241 1584 maior
269 1535 478 1584 circuitu
505 1540 853 1583 sexcentorum
882 1534 1054 1596 uiginti
1079 1534 1295 1599 quinque
1322 1533 1524 1584 milium.
1576 1543 1811 1600 tuncv672

84 1605 349 1670 Cyrenaica
375 1604 529 1667 regio.
605 1604 776 1653 eadem
806 1608 879 1652 est
905 1602 1273 1668 Pentapolitana
1300 1605 1553 1655 Ammonis
1581 1621 1693 1656 ora-

83 1674 195 1725 culo
233 1680 504 1724 memorata
523 1712 534 1729 ,
564 1674 694 1737 quod
722 1687 746 1720 a
777 1672 978 1737 Cyrenis
1014 1673 1152 1723 abest
1178 1674 1533 1739 quadringenta
1562 1675 1693 1725 milia

82 1759 332 1808 passuum.
410 1743 561 1793 urbes
589 1744 828 1793 maximae
854 1743 924 1791 ibi
951 1744 1192 1808 quinque:
1221 1744 1460 1794 Berenice
1484 1747 1694 1796 Arsinoe

0 1866 2 1868 ,
81 1813 383 1864 Ptolemaida
421 1811 677 1878 Apollonia
725 1815 927 1877 ipsaque
962 1812 1167 1877 Cyrene.
1244 1814 1483 1864 Berenice
1514 1823 1694 1874 ,autem

26 1978 27 1981 =
195 1953 219 2002 ἓ
241 1955 326 1994 670
357 1965 413 1993 ex
433 1952 585 1992 Plinio
607 1953 645 1993 V
666 1954 721 1993 24
744 1958 790 1993 et
810 1953 863 1993 25
901 1949 920 2006 [Ι
960 1953 984 2001 ξ
1006 1954 1086 1993 671
1121 1965 1175 1993 ex
1195 1952 1345 1994 Plinio
1367 1954 1408 1995 V
1428 1956 1482 1995 26
1505 1958 1552 1995 et
1573 1957 1627 1997 27
1654 1954 1677 2010 11

81 2009 106 2058 ξ
127 2010 211 2049 672
245 2021 299 2049 ex
322 2008 471 2049 Plinio
492 2010 533 2050 V
554 2010 722 2050 31—33
746 2012 792 2049 et
812 2010 982 2050 39—40

195 2135 218 2173 1
274 2134 444 2186 ippone
483 2134 689 2186 diarryto
726 2134 809 2175 BR
875 2132 895 2188 Η
961 2136 1322 2187 promuntorium
1361 2136 1385 2176 b
1430 2142 1693 2189 promontu·

78 2191 196 2229 rium
232 2203 257 2229 r
305 2187 323 2243 Η
373 2191 398 2230 2
437 2190 643 2243 bagrada
671 2190 713 2230 B
754 2189 959 2231 bareada
990 2191 1014 2231 b
1053 2191 1261 2242 bag-adra
1289 2192 1327 2232 R
1373 2189 1394 2247 Η
1451 2195 1476 2234 3
1514 2195 1693 2247 inclyta

77 2245 121 2285 B
159 2242 179 2299 Η
225 2247 251 2287 5
283 2247 594 2298 promuntorio
627 2246 650 2286 b
688 2247 998 2298 promonturio
1036 2248 1075 2288 R
1129 2243 1148 2301 ΙΙ
1195 2249 1223 2288 4
1252 2247 1407 2289 Misua
1443 2250 1606 2291 Plinius
1653 2248 1659 2302 Ι

80 2303 108 2342 ὅ
141 2301 327 2342 curubis
344 2302 426 2343 BR
449 2302 577 2343 curiu
593 2303 616 2342 b
638 2299 656 2356 ΙΙ
676 2303 702 2343 6
724 2302 1072 2355 lybiphoenices
1094 2303 1136 2343 B
1167 2304 1547 2356 lybiephoenices
1569 2307 1633 2347 bR
1652 2303 1659 2359 Ι

84 2357 329 2409 byzacium
360 2358 398 2397 R
426 2358 647 2398 bizatium
670 2358 712 2398 B
743 2359 1019 2409 byzancium
1049 2373 1073 2399 r
1111 2357 1130 2413 Η
1174 2361 1200 2400 8
1230 2361 1348 2401 ratio
1370 2359 1472 2401 B¹R
1511 2358 1529 2414 Η
1569 2374 1690 2402 mes-

79 2424 156 2452 ses
185 2410 286 2453 B¹R
332 2409 352 2467 [1
402 2415 427 2453 9
459 2418 601 2466 puput
629 2414 670 2454 B
702 2415 822 2455 deest
850 2415 973 2456 lzodz’e
1003 2418 1122 2467 apud
1149 2416 1329 2456 Plinium
1368 2413 1386 2469 Η
1429 2417 1691 2459 adrometus

77 2467 161 2508 BR
208 2464 228 2521 ll
278 2470 330 2509 10
359 2481 417 2507 ne
446 2468 488 2508 B
518 2473 623 2510 tene
654 2470 677 2509 b
708 2475 847 2510 tenae
876 2471 914 2511 R
961 2467 979 2523 ΙΙ
1038 2471 1149 2511 abes
1181 2471 1245 2512 bR
1286 2473 1418 2513 abies
1449 2472 1490 2511 B
1527 2469 1545 2526 Η
1594 2487 1689 2514 ma-

73 2523 314 2564 cosmades
346 2525 369 2564 b
409 2521 427 2577 ΙΙ
470 2526 520 2564 12
554 2537 730 2577 ansaga
751 2525 834 2566 BR
870 2522 891 2580 Π
931 2529 990 2567 ad
1018 2528 1256 2580 octoginta
1285 2529 1388 2568 add.
1413 2527 1464 2568 al
1484 2529 1563 2568 XC
1596 2530 1620 2569 b
1650 2527 1671 2582 ΙΙ

78 2581 131 2620 16
161 2581 222 2620 ad
248 2579 433 2620 milibus
470 2581 571 2621 add.
604 2593 820 2632 passuum
851 2582 875 2621 b
923 2579 941 2630 ΙΙ
994 2584 1044 2623 18
1074 2582 1221 2634 Psylli
1250 2584 1413 2624 Plinius
1443 2585 1582 2637 spylli
1603 2585 1690 2627 BR

76 2634 247 2688 sphylli
277 2636 301 2676 b
340 2634 360 2691 [Ι
402 2638 452 2676 19
484 2637 667 2677 oeensis
689 2636 751 2677 Hb
783 2635 846 2687 (in
867 2651 946 2690 quo
969 2650 1134 2678 rursum
1153 2641 1198 2679 in
1228 2640 1410 2679 ocensis
1433 2640 1685 2695 correctum)

75 2692 258 2732 ocensis
287 2691 330 2731 B
376 2688 394 2746 [Ι
445 2694 581 2732 sertis
611 2692 653 2732 B
691 2693 831 2743 syrtis
862 2693 885 2733 b
925 2694 1050 2734 sirtis
1078 2695 1116 2734 R
1164 2691 1184 2747 Π
1231 2696 1286 2735 20
1325 2696 1518 2735 circuitu
1548 2697 1615 2737 ita
1645 2699 1692 2738 D

76 2746 242 2787 circuit
261 2747 344 2788 BR
375 2747 596 2789 circuitus
621 2762 653 2800 p
695 2745 712 2801 ΙΙ
752 2752 1064 2790 sescentorum
1087 2748 1146 2789 Βι
1188 2746 1207 2803 Η
1242 2751 1294 2791 21
1329 2752 1564 2793 cirenaica
1586 2750 1675 2808 ΒΗ

76 2802 134 2842 24
163 2802 447 2855 ptolomaida
477 2804 519 2844 B
557 2802 576 2858 Η
615 2804 829 2846 uerenice
851 2804 907 2844 B¹
950 2803 968 2860 Η
