1982 3230
0 0 151 223 r
590 146 675 187 DE
708 143 953 187 OCTAVO
984 141 1171 185 LIBRO
1577 138 1711 181 LVII

22 304 26 311 ·
88 278 186 327 ima
213 275 333 342 seq.)
372 275 646 325 rectissime
671 287 798 339 quae
817 273 1026 324 Varroni
1051 269 1201 321 verba
1228 284 1288 319 ex
1309 266 1621 318 Cassiodorio
1647 266 1711 316 de

88 367 181 411 art.
222 367 270 411 et
303 359 421 409 disc.
454 374 497 409 c.
525 355 559 408 6
594 372 643 423 p.
670 354 832 422 5601»)
872 355 1087 407 reddidit
1119 352 1417 405 Ritschelius
1459 351 1537 417 (de
1562 350 1704 401 Varr.

87 445 208 496 disc.
236 444 348 494 libr.
378 459 425 508 p.
455 441 589 506 8)·ea
616 442 923 507 comparauit
948 456 1062 490 cum
1086 439 1311 490 Martiani
1337 441 1366 500 S
1395 434 1522 494 849,
1558 437 1628 486 ita
1653 442 1710 485 ut

85 529 281 579 duobus
313 529 459 578 huius
492 527 608 578 libri
651 526 776 577 locis
812 526 1145 575 Varronianae
1194 524 1447 573 doctrinae
1501 522 1708 586 uestigia

85 613 529 679 deprehendamus.
895 590 898 603 ¹

228 699 325 749 Sed
351 698 428 748 his
454 698 696 748 accedunt
712 699 764 746 ni
790 694 1067 746 falloralia.
1107 707 1287 758 nempe
1313 708 1360 757 p.
1382 689 1503 748 303,
1525 689 1558 740 9
1580 706 1706 755 quae

84 782 146 833 de
174 783 384 848 sphaera
409 784 636 850 κρικωτῇ
655 782 924 832 Martianus
951 780 1178 845 exposuit
1201 776 1368 828 nullus
1394 775 1566 826 dubito
1587 776 1707 840 quin

84 881 144 917 ex
164 867 385 918 Varrone
404 868 604 932 petierit
623 873 829 932 propter
849 868 983 917 hunc
1003 862 1145 916 Gellii
1169 863 1339 912 locum
1361 861 1456 927 (ΙΙΙ,
1475 858 1562 925 10)
1587 861 1704 910 ‘cir-

84 950 222 1002 culos
243 967 439 1018 quoque
465 953 531 1002 ait
555 953 607 1001 in
631 951 767 1002 caelo
787 952 974 1022 circum
999 948 1358 1012 longitudinem
1385 947 1488 996 axis
1514 951 1706 1010 septem

82 1050 217 1094 esse,
265 1052 291 1086 e
324 1036 506 1101 quibus
533 1036 658 1086 duos
685 1037 918 1086 minimos
945 1036 1028 1100 qui
1055 1048 1196 1084 axem
1236 1033 1470 1082 extimum
1498 1016 1707 1095 tangunt

26 1162 30 1170 .
78 1118 308 1172 πόλουε’
337 1127 421 1171 ctt.
471 1135 567 1187 qua
595 1121 656 1170 de
683 1135 739 1172 re
770 1121 952 1170 certius
980 1126 1111 1169 esset
1136 1117 1370 1167 iudicium
1399 1117 1442 1166 si
1467 1116 1704 1165 Varronis

82 1219 196 1255 eum
229 1204 412 1255 librum
447 1205 746 1256 haberemus
781 1206 830 1254 in
869 1218 966 1268 quo
1003 1204 1114 1253 data
1138 1202 1303 1268 'opera
1339 1202 1704 1251 Astronomiam

79 1283 333 1339 tractauit:
363 1304 478 1339 nam
498 1289 687 1342 Gellius
714 1303 801 1339 sua
822 1304 881 1338 ex
901 1289 1151 1352 isagogico
1168 1285 1548 1337 Hebdomadum
1573 1284 1702 1334 libro

81 1373 158 1436 (cf.
189 1376 347 1435 antea)
384 1375 644 1439 excerpsit.
722 1373 1022 1423 Martianum
1059 1373 1211 1437 igitur
1238 1386 1350 1421 cum
1376 1376 1534 1420 totum
1561 1371 1702 1434 quasi

74 1459 457 1508 instrumentum
481 1460 803 1508 institutionis
828 1459 1204 1514 astronomicae,
1226 1483 1296 1492 —-
1326 1456 1527 1520 fingitur
1569 1455 1702 1504 enirn

77 1542 388 1593 Astronomia
439 1543 646 1593 deorum
709 1548 904 1593 coetum
953 1544 1177 1607 ingressa
1235 1555 1387 1591 manu
1437 1541 1702 1604 sphaeram

74 1624 210 1676 illam
238 1642 442 1678 aeneam
466 1628 1009 1692 gestans—aVarrone
1038 1632 1289 1677 mutuatus
1317 1640 1427 1676 esse
1454 1625 1698 1683 uideatur,

76 1724 242 1761 nonne
274 1713 383 1762 ueri
419 1712 576 1762 simile
612 1719 687 1763 est
720 1713 771 1762 in
817 1713 998 1763 ceteris
1041 1726 1239 1777 quoque
1280 1711 1385 1760 eius
1421 1709 1700 1759 doctrinam

76 1802 302 1846 secutum
340 1797 478 1846 esse?
527 1798 822 1861 praesertim
861 1813 974 1847 cum
1010 1797 1172 1847 statim
1210 1811 1265 1845 ea
1301 1810 1425 1859 quae
1462 1800 1700 1844 secuntur

81 1879 383 1930 Varroniana
417 1882 522 1931 sint
549 1882 876 1946 apertissime.
928 1896 1043 1931 nam
1081 1881 1145 1946 (p.
1175 1878 1296 1937 303,
1322 1876 1394 1929 24
1419 1880 1503 1943 in.)
1532 1878 1701 1928 stellae

51 1963 422 2029 'etymologiam
458 1966 554 2014 iam
595 1965 692 2014 dixi
730 1965 955 2016 homines
992 1966 1164 2015 doctos
1189 1964 1399 2013 Varroni
1435 1962 1697 2027 allegasse;

77 2048 208 2111 quod
249 2054 411 2099 autem
450 2051 622 2099 sidera
670 2064 703 2098 a
738 2052 1044 2101 considendo
1080 2049 1279 2099 deducit
1313 2048 1480 2098 itidem
1516 2047 1696 2097 Varro-

78 2146 190 2181 nem
219 2134 482 2197 expressit:
537 2134 599 2183 cf.
637 2134 699 2183 de
735 2133 767 2184 1.
799 2135 903 2184 Lat.
941 2134 1026 2183 VII
1051 2149 1098 2198 p.
1139 2131 1244 2184 300
1270 2148 1342 2199 sq.
1368 2134 1538 2183 sidera
1566 2148 1700 2195 quae

76 2218 315 2267 insidunt.

217 2300 398 2352 Verum
425 2317 666 2368 perquam
703 2304 1039 2355 memorabilis
1076 2310 1148 2355 est
1182 2303 1320 2354 locus
1350 2305 1434 2368 qui
1469 2305 1696 2367 proxime

74 2386 322 2436 antecedit
347 2390 716 2439 excusationem
741 2388 875 2438 illam
902 2389 963 2439 de
990 2389 1201 2455 sphaera
1228 2388 1490 2438 artificiosa
1516 2403 1695 2453 parum

74 2468 307 2520 adcurate
320 2471 381 2520 ad
397 2466 567 2522 mundi
585 2488 723 2524 exem
731 2473 863 2538 plum
876 2474 1110 2524 fabricata
1123 2489 1172 2539 p.
1188 2470 1379 2530 302,11
1394 2488 1467 2538 sq.
1482 2474 1695 2537 quicum

74 2555 318 2605 artissime
345 2556 609 2608 cohaereat
635 2573 747 2608 cum
776 2560 1082 2624 expositione
1109 2558 1350 2624 sphaerae
1377 2572 1478 2606 non
1505 2563 1694 2607 temere

73 2638 220 2688 etiam
246 2640 369 2690 haec
396 2657 455 2691 ex
481 2641 701 2693 Varrone
726 2645 876 2708 petita
914 2659 1021 2694 esse
1049 2645 1318 2694 coniecisse
1355 2641 1471 2691 mihi
1498 2641 1689 2692 uideor.

74 2728 123 2772 et
148 2724 308 2787 prima
344 2726 540 2790 quidem
569 2714 801 2778 ‘mundus
826 2729 993 2792 igitur’
1030 2743 1186 2793 usque
1222 2726 1284 2776 ad
1320 2726 1473 2776 uerba
1511 2730 1692 2775 ‘aeter-

39 2807 150 2855 ,nis
187 2807 308 2859 caeli
342 2810 588 2875 raptibus'
633 2812 865 2864 uidentur
902 2813 1064 2862 Stoica
1105 2826 1213 2861 esse
1250 2815 1537 2876 comparato
1576 2809 1690 2859 Dio-

74 2902 198 2954 gene
233 2891 287 2942 L.
316 2893 412 2952 VII,
453 2893 498 2952 1,
527 2894 610 2952 69,
643 2895 771 2948 137:
817 2897 885 2949 τὰ
921 2898 986 2961 δὴ
1025 2895 1249 2959 τέτταρα
1287 2897 1515 2960 ετοιχεῑα
1552 2894 1692 2949 εἶναι
