1982 3230
276 135 382 188 402
902 133 1169 176 SCHOLIA
1197 134 1262 176 IN

280 278 450 327 dicunt
491 276 702 340 Aegypti
748 289 855 325 esse
898 275 1109 338 effigiem
1148 273 1300 325 stellis
1335 276 1592 339 figuratam
1638 278 1688 327 in
1731 277 1892 329 tribus

280 347 470 410 angulis
506 345 556 394 id
583 352 657 395 est
682 346 732 393 in
759 345 980 408 trigono,
1030 351 1078 395 et
1101 344 1264 394 Nilum
1301 346 1668 397 inundationem
1702 348 1888 399 facien-

276 424 392 466 tem.
443 415 592 465 habet
617 414 782 465 stellas
806 415 872 464 III
897 416 950 464 in
976 414 1182 480 singulis
1209 416 1399 480 angulis
1425 417 1695 484 singulas>

421 500 683 550 Stridentis
711 498 911 565 aureas]
938 516 989 550 u.
1021 506 1122 548 243

417 570 509 636 <Hi
535 576 650 619 sunt
669 571 870 620 maioris
896 569 1089 619 PISCIS
1115 568 1347 630 ἔκγονοι,
1377 573 1515 621 cuius
1541 573 1781 637 originem
1800 587 1888 624 suo
1910 586 1932 619 ⁵

276 641 387 690 loco
423 641 654 690 dicemus.
715 641 894 689 horum
932 646 1094 689 autem
1129 641 1336 704 piscium
1378 641 1556 705 singuli
1591 643 1642 691 in
1678 643 1889 694 diuersis

276 710 399 760 locis
426 711 502 760 siti
529 717 643 760 sunt
674 713 822 760 situm
859 711 1157 760 inmutantes
1184 726 1393 775 quorum
1431 712 1554 761 alter
1580 713 1767 763 Boreas
1801 728 1886 778 ap-

277 781 503 845 pellatur,
533 780 655 830 alter
675 781 862 830 Notius,
899 780 1084 831 habent
1110 782 1236 830 inter
1262 796 1314 830 se
1341 781 1702 845 alligamentum
1732 785 1887 832 conti-

277 858 478 901 nentem
513 866 671 916 usque
705 851 767 900 ad
802 852 995 916 priores
1039 852 1190 914 pedes
1223 852 1415 902 Arietis,
1476 851 1702 903 BORIVS
1739 854 1890 918 piscis
1939 862 1956 867 “

278 921 429 971 habet
455 921 619 971 stellas
644 921 754 977 XIL·
777 920 1004 971 NOTlVS
1030 921 1127 977 XV,
1164 921 1290 970 linea
1318 928 1482 972 autem
1509 938 1602 986 qua
1632 924 1887 973 continen-
1910 936 1954 968 ιο

277 1000 360 1043 tur
386 993 435 1041 in
465 999 655 1055 partem
676 991 810 1040 Borii
836 991 987 1040 stellis
1012 991 1094 1048 Ill,
1122 993 1172 1040 in
1199 991 1372 1042 ΝΟΤΠ
1389 993 1469 1048 ΙΠ,
1498 994 1558 1042 ad
1585 993 1891 1044 occidentem

281 1070 382 1111 tres
395 1080 501 1113 *με
530 1062 652 1112 fiunt
677 1061 846 1111 stellae
865 1061 1123 1128 †XXVI.>
1148 1062 1370 1126 Nigidius
1396 1064 1488 1112 hos
1516 1063 1632 1112 dicit
1656 1065 1814 1126 pisces
1839 1065 1889 1112 in

280 1134 533 1197 Euphrate
559 1132 761 1182 flumine
801 1133 1012 1197 ingentis
1048 1133 1397 1196 magnitudinis
1435 1148 1583 1182 ouum
1620 1135 1889 1189 inuenisse,

279 1202 538 1253 uoluentes
567 1205 767 1253 eiecisse
792 1204 844 1251 in
871 1210 1053 1252 terram
1082 1209 1226 1268 atque
1252 1204 1316 1251 ita
1343 1203 1622 1253 columbam
1649 1203 1890 1253 insedisse

283 1282 331 1323 et
365 1281 478 1338 post
513 1273 695 1338 aliquot
731 1274 835 1323 dies
881 1272 1148 1323 exclusisse
1186 1274 1325 1323 deam
1365 1274 1554 1338 Syriam
1590 1274 1884 1338 benignissi-
1909 1287 1952 1321 15

279 1359 408 1393 mam
447 1345 755 1407 maximeque
791 1344 1162 1393 misericordem
1199 1342 1447 1408 multaque
1484 1359 1610 1408 quac
1644 1345 1703 1394 ad
1730 1345 1889 1393 homi-

281 1429 368 1462 nes
410 1413 723 1479 pertinebant
770 1412 850 1479 [ad
895 1412 1149 1463 utilitatem
1185 1413 1465 1463 hominibus
1508 1413 1788 1480 uterentur]
1835 1429 1890 1464 ea

280 1485 457 1533 dicitur
483 1485 759 1547 inquisisse.
814 1498 940 1547 quae
969 1485 1199 1547 quoniam
1221 1484 1350 1533 Iouis
1374 1499 1400 1532 a
1421 1484 1666 1534 Mercurio
1693 1484 1889 1549 saepius

279 1553 469 1604 laudari
498 1553 866 1620 [nominarique
892 1569 944 1603 se
969 1553 1187 1619 saepius]
1217 1554 1408 1603 audiret
1433 1555 1564 1618 quod
1589 1556 1640 1603 in
1667 1555 1784 1604 deos
1809 1569 1888 1604 re-

279 1623 452 1688 ligiosa
470 1664 481 1680 ‚
508 1627 559 1672 in
585 1624 868 1674 hominibus
896 1624 1114 1674 officiosa
1143 1623 1402 1687 diligenter
1428 1626 1600 1682 fuerit,
1627 1631 1795 1689 rogata
1824 1623 1884 1674 ab
1907 1638 1950 1670 20

279 1695 395 1744 Ioue
424 1694 553 1759 quod
573 1694 665 1742 sibi
691 1695 877 1744 obtanti
902 1694 1051 1744 tribui
1077 1693 1361 1757 postularet,
1389 1693 1469 1744 illa
1498 1696 1575 1751 ait,
1602 1696 1777 1760 pisceS‚
1806 1697 1890 1760 qui

282 1781 419 1815 suam
449 1766 689 1827 originem
717 1770 986 1821 servarent,
1014 1770 1068 1813 ut
1094 1765 1343 1814 inmortali
1371 1766 1592 1828 praemio
1621 1765 1890 1821 adficeren—

280 1841 377 1884 tur.
428 1836 591 1900 itaque
617 1836 835 1901 Iuppiter
870 1836 919 1883 in
945 1834 1032 1884 XII
1067 1835 1216 1899 signis
1252 1835 1466 1884 siderum
1505 1835 1768 1900 splendore
1804 1834 1887 1885 de-

395 2008 421 2046 5
452 2006 633 2048 Catast.
663 2018 705 2057 p.
739 2006 835 2055 253,
866 2007 1005 2045 4—12

397 2162 418 2199 1
441 2159 660 2212 Aegyptii
685 2159 718 2198 C
735 2171 848 2198 corr.
873 2161 994 2209 uulyo
1023 2155 1041 2210 Η
1069 2159 1094 2197 5
1114 2158 1182 2197 hii
1202 2158 1244 2197 B
1272 2155 1290 2211 Η
1318 2159 1516 2199 maiores
1543 2159 1694 2210 pisces
1725 2160 1892 2212 eggoni

285 2216 340 2256 G.-
371 2218 548 2256 correaei
567 2229 625 2256 επ
647 2215 807 2254 Catast.
830 2211 849 2267 Η
870 2216 894 2254 6
926 2213 1117 2253 dicimus
1138 2214 1180 2252 B
1199 2210 1220 2267 Η
1242 2216 1264 2253 7
1287 2215 1423 2253 situm
1444 2216 1595 2255 addidi
1611 2212 1630 2267 Η
1649 2215 1890 2255 immutan-

279 2275 352 2312 tes
373 2271 414 2310 B
448 2269 453 2325 Ι
472 2272 626 2312 borius
647 2270 688 2310 B
720 2271 884 2311 boreus
905 2270 947 2308 P
961 2267 979 2322 Η
1002 2271 1027 2309 8
1048 2270 1210 2310 nocius
1232 2266 1307 2322 ΡΗ
1329 2271 1353 2310 9
1375 2270 1550 2322 priores
1571 2283 1685 2312 corr.
1707 2272 1749 2309 in
1769 2271 1890 2323 prio-

279 2329 341 2368 ris
362 2328 404 2368 B
424 2325 430 2381 Ι
464 2328 629 2368 boreus
659 2324 734 2378 ΡΗ
767 2328 816 2365 11
849 2326 979 2365 borei
1000 2327 1040 2364 P
1066 2322 1084 2379 Η
1112 2329 1235 2365 motu
1255 2326 1297 2364 P
1313 2322 1331 2379 Η
1363 2328 1413 2365 12
1435 2324 1510 2366 ἐπὶ
1531 2327 1617 2366 τοῦ
1641 2323 1889 2377 ευνδέεμου

279 2377 328 2435 γ’
350 2386 449 2425 add.
474 2384 565 2424 Cat.
588 2381 608 2438 Η
628 2375 703 2424 λΘ’
724 2382 816 2423 Cat.
837 2378 857 2435 Η
880 2383 930 2422 13
964 2381 1142 2421 eufrate
1174 2381 1208 2420 C
1235 2378 1253 2435 Η
1281 2383 1334 2421 14
1367 2382 1576 2421 columba
1605 2382 1647 2421 B
1673 2379 1692 2435 Η
1721 2383 1773 2423 15
1806 2382 1890 2422 ali·

281 2440 399 2492 quod
419 2441 461 2480 P
486 2438 503 2493 Η
531 2439 781 2480 benissima
803 2437 845 2477 B
865 2435 883 2492 Η
913 2440 964 2479 16
994 2438 1317 2491 maximaeque
1338 2437 1380 2477 B
1400 2434 1418 2491 Η
1445 2438 1702 2478 misericors
1725 2438 1760 2478 C
1776 2451 1891 2480 corr.

280 2497 415 2537 Beck.
437 2494 456 2550 Η
483 2496 720 2547 multaque
754 2507 869 2548 quae
903 2494 960 2534 ad
989 2494 1197 2534 homines
1227 2494 1523 2546 pertinebant
1551 2493 1690 2534 Biiclz.
1722 2494 1780 2535 ad
1809 2494 1890 2534 ho-

279 2554 427 2594 mines
458 2553 720 2605 pertinebat
752 2563 868 2604 quae
893 2550 1039 2590 multa
1070 2562 1278 2603 quaeque
1304 2549 1554 2602 (multaque
1577 2562 1697 2600 quae
1717 2549 1775 2602 B)
1801 2549 1836 2589 C
1853 2546 1872 2603 Η

283 2611 335 2650 17
369 2608 427 2649 ad
445 2611 757 2649 —uterentur
787 2608 869 2650 del.
899 2607 1033 2646 Bizclz.
1062 2603 1081 2659 Η
1110 2619 1317 2659 quaeque
1348 2607 1389 2645 P
1417 2619 1533 2658 quae
1564 2605 1607 2644 B
1632 2602 1650 2658 Η
1677 2605 1890 2646 ulitatem

280 2663 337 2704 Pl
359 2662 377 2718 Η
407 2666 459 2706 18
491 2677 623 2717 quom
650 2677 732 2717 pro
766 2663 978 2716 quoniam
1000 2662 1136 2703 Biielz.
1157 2659 1176 2716 Η
1195 2663 1319 2705 Iouis
1355 2663 1399 2702 V
1422 2662 1523 2702 Ioui
1553 2661 1587 2701 G
1606 2658 1625 2716 Η
1644 2661 1829 2714 saepius
1862 2674 1890 2701 a

282 2720 508 2761 mercurio
533 2721 566 2761 (J
594 2719 729 2773 (seds
752 2720 809 2772 P)
830 2717 850 2773 Η
879 2720 930 2759 19
960 2719 1275 2771 nominarique
1307 2719 1388 2760 del.
1419 2718 1554 2757 Bizala.
1623 2730 1671 2758 se
1703 2717 1890 2769 saepius

283 2778 365 2816 del.
398 2777 555 2828 Breys.
586 2774 604 2830 Η
640 2779 692 2817 19
724 2776 842 2829 quod
874 2779 944 2816 est
974 2775 1015 2814 B
1041 2773 1060 2828 Η
1098 2778 1153 2816 20
1182 2773 1548 2821 hominesBz'zclz.
1626 2774 1678 2814 21
1711 2773 1894 2825 optanti

281 2829 359 2885 ΡΗ
379 2833 614 2884 postulare
647 2833 687 2873 B
705 2829 725 2886 Η
750 2832 822 2871 illi
852 2832 894 2871 B
914 2828 933 2885 Η
952 2831 1094 2884 piscis
1127 2831 1166 2870 B
1192 2828 1213 2884 Η
1239 2833 1291 2872 22
1325 2832 1589 2871 seruassent
1616 2829 1659 2869 B
1679 2825 1698 2883 Η
1718 2830 1889 2882 premio

283 2887 325 2927 B
365 2885 384 2941 Η
422 2890 475 2930 23
506 2889 716 2940 syderum
747 2890 789 2927 P
814 2886 843 2942 Η
