1982 3230
0 316 15 420 ξ
99 349 193 398 mis
221 345 312 396 illis
339 344 541 410 glossiS,
584 359 705 409 quas
729 343 979 393 interdum
1009 338 1250 407 Koppius‘
1269 342 1439 406 (ueluti
1465 358 1512 407 p.
1546 339 1648 392 150
1675 347 1723 389 et

0 424 8 486 ἶ
95 430 218 497 211)
259 429 421 481 attulit
446 435 653 494 apparet
678 427 801 478 nihil
828 426 974 491 plane
1002 443 1060 476 ex
1087 427 1164 475 his
1203 427 1574 477 commentariis
1602 426 1722 476 disci

0 531 3 534 ’
95 517 332 582 potuisse,
360 521 463 564 tum
500 516 603 578 ipse
630 514 739 563 cod.
770 513 894 564 Gud.
918 510 1023 563 335
1052 511 1233 561 saeculi
1260 513 1324 561 XI
1351 512 1466 561 olim
1495 511 1721 567 tractaui,

97 603 219 652 utin
247 600 370 650 orb'e
393 605 638 650 terrarum
662 612 929 663 numquam
953 598 1222 663 quidquam
1245 597 1462 645 insanius
1482 596 1720 661 scriptum

0 703 4 754 ζ
95 700 203 736 esse
231 687 347 735 satis
375 684 682 734 confidenter
710 683 958 748 spondere
984 684 1185 746 possim.

234 771 403 821 Restat
429 768 780 818 Alexander
807 767 1072 818 Necham
1090 807 1101 824 ,
1141 767 1280 816 cuius
1306 766 1530 816 codicem
1567 780 1721 814 unum

0 855 5 919 ζ
97 855 485 906 commemoraui
502 869 549 918 p.
563 853 686 902 XXI.
710 859 951 904 memorat
971 854 1104 903 hunc
1125 852 1533 902 commentarium
1547 849 1722 899 Lelan-

0 943 5 981 ·'
94 940 187 990 dus
213 941 274 990 de
300 939 624 1003 scriptoribus
651 928 948 988 Britannicis
974 954 1022 1002 p.
1050 936 1157 987 214
1182 937 1407 987 laudatus
1434 952 1460 985 a
1491 935 1718 985 Fabricio

0 1010 12 1051 -.'
93 1025 156 1075 Ill
182 1022 303 1075 216.
333 1025 393 1074 de
421 1040 478 1074 eo
508 1025 868 1073 accuratiorem
896 1024 1119 1074 notitiam
1146 1021 1330 1071 nullam
1360 1022 1545 1084 accepi.

235 1109 697 1174 Interpretationem
719 1108 1062 1157 Germanicam
1095 1123 1120 1155 a
1143 1106 1326 1158 Graffio
1357 1106 1536 1155 editam
1566 1105 1721 1154 Bero-

93 1193 180 1243 lini
222 1191 356 1244 1837
402 1192 758 1258 glossatoribus
808 1193 867 1242 de
916 1193 1096 1258 quibus
1149 1191 1247 1241 dixi
1296 1190 1415 1239 nihil
1467 1196 1720 1253 praestare

94 1278 333 1329 ridiculae
370 1278 722 1342 explicationes
761 1277 1037 1341 permultae
1070 1277 1265 1326 docent.
1322 1276 1437 1324 noui
1465 1276 1546 1323 uix
1573 1273 1719 1338 quid·

94 1378 241 1429 quam
270 1363 330 1412 ad
356 1363 651 1412 Martianum
680 1362 1039 1412 emendandum
1073 1378 1129 1411 ex
1158 1377 1213 1411 ca
1244 1361 1475 1410 discetur.

0 0 86 307 ξ
188 186 193 189 ⁷
635 132 719 173 DE
751 130 1135 173 AVCTORIBVS
1567 128 1720 170 XXXI

12 280 14 282 ’
52 258 60 269 '
95 264 190 314 hae
228 261 400 312 laudes
435 261 484 309 in
510 259 792 324 Remigium
821 257 1040 308 collatae.
1094 272 1206 306 nam
1236 272 1347 306 cum
1387 273 1443 306 ex
1473 257 1722 321 ineptissi-

594 1560 832 1611 OAPVT
872 1561 1204 1611 TERTIVM

234 1702 502 1752 Martianus
540 1718 633 1767 qua
670 1704 862 1753 ratione
908 1709 1199 1753 auctores
1237 1716 1353 1751 suos
1402 1698 1721 1763 exscripserit

93 1789 402 1854 apertissimo
440 1787 737 1837 documento
775 1793 890 1837 sunt
936 1787 1051 1836 libri
1090 1787 1289 1850 quintus
1326 1791 1493 1834 sextus
1539 1798 1716 1833 nonus,

93 1874 251 1937 quinti
292 1874 419 1922 enim
457 1873 783 1935 posteriorem
820 1877 1012 1937 partem
1038 1871 1244 1936 Aquilae
1271 1870 1492 1919 Romano
1532 1867 1716 1924 debuit,

26 1975 30 1979 ’
93 1958 213 2007 noni
240 1958 479 2006 maiorem
508 1963 699 2021 partem
729 1957 925 2006 Aristidi
952 1956 1280 2014 QuintilianO,
1310 1960 1503 2004 sextum
1532 1953 1718 2003 confla-

92 2041 163 2091 uit
187 2043 359 2106 paucis
386 2043 602 2107 exceptis
630 2058 689 2090 ex
708 2041 866 2091 Plinio
895 2047 943 2090 et
964 2041 1150 2099 Solino,
1180 2047 1234 2090 ut
1261 2047 1402 2090 antea
1429 2038 1714 2104 putabatur.

94 2141 226 2176 nunc
263 2128 392 2176 enim
420 2133 681 2192 postquam
709 2125 933 2176 Solinum
959 2127 1298 2176 Mommsenus
1327 2125 1498 2189 (praef.
1528 2140 1575 2189 p.
1604 2122 1712 2172 XXI

91 2211 183 2276 sq.)
231 2211 589 2261 demonstrauit
634 2211 1050 2276 chorographiam
1097 2210 1309 2276 aliquam
1343 2210 1617 2260 Plinianam
1666 2208 1714 2255 in

93 2297 339 2360 epitomen
378 2296 655 2359 redegisse,
695 2299 779 2346 uix
817 2296 1088 2346 credideris
1127 2290 1527 2346 Martianum'ita
1565 2292 1713 2341 modo

93 2379 315 2430 Solinum
343 2381 489 2431 modo
517 2381 732 2432 Plinium
761 2382 1106 2446 exscripsisse,
1137 2388 1191 2431 ut
1216 2397 1324 2431 mea
1352 2380 1601 2430 annotatio
1632 2393 1715 2427 ex·
1756 2444 1768 2446 -

92 2464 255 2533 hibet,
285 2467 370 2516 sed
398 2468 560 2531 potius
588 2466 722 2516 illam
749 2466 894 2515 Plinii
921 2468 1169 2532 epitomen
1197 2466 1383 2530 ubique
1411 2463 1715 2514 adhibuisse.

91 2563 253 2615 neque
301 2553 526 2607 omnino,
578 2553 672 2601 nisi
708 2551 792 2601 ubi
827 2553 912 2601 uni
948 2551 1097 2601 alicui
1135 2557 1290 2601 totum
1328 2566 1380 2600 se
1416 2546 1719 2611 mancipauit

4 2691 6 2693 ,
93 2634 229 2685 uelut
254 2635 455 2700 Aquilae
483 2642 530 2687 et
554 2637 776 2693 Aristidi,
805 2637 915 2695 ueri
941 2635 1100 2685 simile
1127 2637 1254 2685 duco
1282 2650 1340 2684 ex
1368 2634 1521 2683 uariis
1549 2636 1716 2681 aucto·

22 2776 27 2796 {A
92 2718 230 2771 ribus
257 2735 344 2770 sua
371 2721 595 2772 hausisse
623 2722 707 2772 sed
735 2723 900 2787 potius
937 2737 997 2771 ex
1024 2719 1170 2770 simili
1198 2719 1359 2783 aliquo
1388 2732 1540 2783 opere
1568 2731 1716 2781 ency-

95 2803 396 2869 clopaedico.
450 2807 533 2856 sed
582 2807 641 2856 (16
688 2806 765 2855 his
805 2805 1001 2856 ariolari
1045 2812 1233 2854 tantum
1282 2803 1394 2852 licet
1441 2818 1551 2853 cum
1592 2800 1712 2851 nihil

96 2896 332 2953 quantum
360 2892 509 2942 sciam
534 2892 594 2942 de
615 2884 698 2942 tali
725 2907 877 2957 opere
903 2891 1136 2940 traditum
1164 2891 1239 2946 sit,
1270 2902 1361 2953 ego
1383 2889 1499 2938 satis
1519 2886 1714 2937 habebo
