1982 3230
0 0 180 138 Γ
751 111 940 154 Lmen
972 111 1062 155 vu
1625 105 1732 160 283

122 272 332 307 numero
369 256 598 320 componi
633 260 854 319 possunt.
932 259 1280 318 conponuntur
1308 266 1429 301 uero
1470 266 1581 301 cum
1610 249 1731 300 duo-

62 343 67 348 ·
121 327 279 377 decim
309 333 357 376 et
391 328 564 391 uiginti
591 331 839 390 quattuor,
878 340 1003 389 quae
1031 340 1058 373 a
1086 323 1244 373 tribus
1280 323 1471 372 initium
1509 335 1733 386 sumpse-

122 405 254 447 runt.
304 412 359 447 ac
385 411 446 446 ne
474 411 584 445 cum
613 394 843 444 omnibus
868 395 1081 459 quidem,
1111 394 1195 458 qui
1222 408 1365 456 pares
1393 409 1450 442 ex
1478 391 1734 457 inparibus
1765 404 1851 446 777

122 474 261 524 sunt,
306 467 535 531 componi
580 472 739 530 potest
782 466 940 514 omnis
983 466 1128 528 inpar
1170 479 1406 513 numerus
1433 464 1517 527 qui
1553 477 1644 527 per
1681 477 1735 511 se

70 554 100 587 ἢ
124 539 423 602 compositus
448 543 536 592 est,
567 537 677 600 quia
695 541 856 601 potest
878 550 974 584 non
1002 536 1050 583 in
1079 534 1294 596 eandem·
1315 548 1598 582 mensuram
1626 548 1733 582 rec-

122 609 302 658 cidere.
378 622 496 671 ergo
532 622 714 656 nouem
754 612 802 655 et
828 606 1178 670 quinquaginta
1215 605 1448 668 componi
1484 619 1584 652 non
1621 618 1735 667 pos-

122 685 258 734 sunt,
287 679 397 743 quia
437 678 791 742 quinquaginta
830 675 1013 724 nuliam
1052 674 1431 738 triplicationem
1471 675 1735 738 recipiunt,

121 748 282 814 quae>
303 749 573 798 nouenario
602 762 810 797 numero
832 746 933 795 sola
956 754 1155 810 praeter
1182 744 1569 809 singularitatem
1596 759 1737 794 men-

121 835 236 869 sura
263 825 348 869 est.
424 820 589 868 euenit
614 824 775 868 autem
803 818 913 873 hoc,
944 821 1055 881 quia
1085 832 1147 866 ne
1176 817 1350 880 uiginti
1378 817 1597 879 quinque
1625 816 1734 879 qui·

57 906 101 938 ιο
123 889 259 946 dem,
305 905 429 954 quae
475 888 719 953 duplicata
765 889 1118 953 quinquaginta
1163 887 1403 942 fecerunt,
1455 887 1735 935 ternionem

122 955 444 1025 recipiebant.
521 975 640 1023 ergo
677 959 914 1023 siquando
950 960 1090 1023 inpar
1129 973 1388 1014 numeruS,
1427 973 1485 1006 ex
1513 972 1610 1020 quo
1647 970 1738 1019 par

123 1031 282 1080 sactus
319 1037 416 1087 est,
465 1030 672 1080 eandem
705 1045 1013 1085 mensuram,
1053 1044 1198 1093 quam
1248 1028 1371 1077 alter
1406 1029 1549 1091 inpar
1588 1034 1735 1083 tenet,

124 1100 375 1154 habuerit.
424 1108 526 1150 tum
564 1101 762 1149 demum
798 1116 911 1149 cum
958 1099 1039 1148 illo
1075 1101 1238 1162 inpari
1281 1114 1397 1163 par,
1444 1099 1613 1162 quiex
1642 1098 1738 1146 hoc

124 1172 283 1221 factus
311 1178 409 1227 est,
437 1172 668 1235 componi
694 1178 869 1236 potest.
947 1169 1030 1219 ubi
1064 1169 1180 1219 illud
1220 1185 1318 1218 non
1347 1170 1635 1224 antecessit,
1674 1182 1738 1217 ne

57 1256 102 1290 15
124 1242 219 1291 hoc
255 1242 451 1306 quidem
478 1244 711 1306 sequitur.
789 1242 899 1290 ideo
929 1255 1106 1289 nouem
1147 1246 1196 1289 et
1222 1241 1574 1303 quinquaginta
1610 1240 1740 1287 inter

124 1327 177 1362 se
202 1328 301 1361 non
327 1318 691 1377 componuntur
718 1319 765 1361 at
791 1326 971 1360 nouem
1000 1317 1047 1359 et
1073 1312 1269 1374 triginta
1298 1311 1427 1358 inter
1455 1325 1507 1359 se
1535 1324 1738 1372 compo·

122 1390 324 1432 nuntur.
401 1389 506 1431 orta
555 1389 670 1431 sunt
717 1383 846 1430 enim
892 1382 1093 1445 triginta
1137 1380 1394 1446 duplicatis
1437 1380 1734 1445 quindecim,

125 1454 220 1502 iam
242 1459 403 1502 autem
433 1468 613 1502 nouem
636 1458 683 1502 et
703 1452 985 1516 quindecim
1009 1453 1137 1501 inter
1158 1467 1211 1500 se
1233 1452 1465 1515 componi
1491 1456 1736 1515 poterant,

126 1539 237 1573 cum
276 1524 552 1573 communis
579 1523 653 1572 his
681 1538 911 1572 mensura
950 1524 999 1571 in
1027 1523 1254 1572 ternione
1282 1527 1424 1570 esset..
1503 1527 1550 1570 et
1577 1537 1634 1570 ex
1663 1521 1739 1570 his

59 1608 104 1641 20
126 1602 290 1643 cetera
318 1596 545 1644 oriuntur
572 1600 696 1659 quae
724 1594 783 1643 ad
811 1594 906 1642 hoc
926 1607 1083 1656 genus
1103 1607 1427 1642 numerorum
1454 1593 1721 1656 pertinent.

266 1693 338 1743 Ex
366 1692 559 1743 duobus
595 1694 814 1742 numeris
851 1693 981 1741 inter
1008 1707 1060 1742 se
1096 1691 1434 1755 incompositis
1471 1691 1576 1740 siue
1602 1696 1735 1739 uter·
1771 1705 1853 1746 778

126 1778 221 1827 que
243 1765 348 1813 siue
375 1763 498 1814 alter
518 1779 606 1827 per
627 1779 679 1813 se
701 1764 1002 1827 compositus
1030 1767 1115 1818 est,
1144 1776 1376 1810 mensura
1403 1759 1606 1810 alterius
1625 1776 1739 1809 cum

126 1833 280 1884 altero
309 1849 407 1883 non
444 1836 772 1898 componitur.
849 1835 947 1883 sint
973 1839 1202 1897 quattuor
1230 1839 1277 1880 et
1312 1846 1507 1880 nouem.
1572 1831 1624 1880 hi
1650 1845 1740 1895 per
1823 1883 1827 1890 x

126 1919 179 1954 se
218 1906 478 1968 compositi
512 1911 651 1961 sunt,
698 1906 827 1953 inter
862 1919 915 1953 se
953 1903 1269 1966 incompositi
1303 1909 1429 1950 sunt.
1507 1916 1739 1951 mensura
1762 1914 1899 1956 2606

36 1988 106 2022 ‘25
128 1980 290 2024 autem
318 1981 549 2038 quattuor
575 1976 624 2024 in
644 1975 852 2031 duobus,
882 1989 1062 2023 nouem
1091 1973 1140 2021 in
1170 1972 1327 2022 tribus
1354 1979 1427 2021 est
1452 1987 1613 2036 neque
1643 1971 1741 2020 duo

129 2060 249 2094 uero
277 2060 388 2094 cum
425 2060 605 2094 nouem
635 2061 796 2109 neque
831 2051 932 2094 tres
959 2059 1070 2093 cum
1099 2050 1328 2107 quattuor
1357 2048 1739 2106 componuntur.

128 2121 182 2164 ut
218 2115 314 2164 sint
352 2117 567 2180 quinque
604 2124 652 2166 et
688 2122 945 2181 quattuor,
995 2114 1116 2165 alter
1152 2130 1242 2178 per
1278 2130 1331 2164 se
1367 2115 1738 2178 incomposituS‚

128 2200 411 2235 mensuram
458 2188 715 2250 quaternio
759 2186 910 2236 habet
955 2187 1003 2235 in
1049 2185 1259 2235 duobus.
1337 2184 1435 2233 duo
1484 2191 1647 2234 autem
1695 2189 1744 2233 et

127 2257 343 2321 quinque
383 2271 483 2305 non
521 2263 903 2323 componuntur.
980 2257 1021 2305 si
1056 2256 1153 2305 duo
1190 2256 1386 2305 numeri
1421 2256 1551 2304 inter
1589 2270 1642 2304 se
1669 2255 1742 2302 in-

63 2337 115 2372 ·30
140 2327 398 2390 compositi
434 2337 549 2377 sunt
585 2335 632 2378 et
667 2327 791 2378 alter
829 2344 888 2376 ex
924 2327 1002 2375 his
1027 2342 1080 2375 se
1118 2323 1675 2389 ipse‘multiplicauerit‚
1704 2324 1745 2372 is

138 2397 223 2460 qui
250 2397 322 2444 sic
349 2397 551 2447 effectus
578 2404 651 2447 est
676 2413 788 2447 cum
820 2399 986 2462 priore
1020 2396 1103 2445 illo
1128 2411 1227 2445 non
1254 2396 1580 2459 componitur.
1645 2396 1746 2443 sint

247 2581 268 2618 1
305 2582 612 2632 conputuntur
642 2579 684 2619 B
715 2582 1035 2633 conpununtur
1065 2579 1089 2619 b
1131 2581 1441 2630 conputantur
1470 2579 1509 2616 D
1549 2578 1567 2629 Η
1606 2578 1631 2616 2
1665 2577 1749 2629 qui

131 2635 155 2676 b
192 2632 214 2689 Η
255 2636 579 2676 sumseruntB
619 2634 637 2689 ΙΙ
677 2638 702 2677 3
733 2648 821 2676 nec
852 2636 875 2676 b
936 2633 943 2689 Ι
989 2638 1014 2676 5
1048 2634 1209 2675 eadem
1232 2633 1289 2674 B¹
1331 2631 1350 2687 Η
1400 2633 1606 2674 recidere
1632 2634 1669 2672 D
1707 2629 1729 2686 ΙΙ

131 2693 158 2732 9
189 2704 277 2732 nec
308 2692 332 2732 b
371 2688 390 2745 ΙΙ
442 2694 491 2733 16
523 2705 613 2733 non
644 2705 722 2734 om.
754 2690 872 2732 B¹R¹
913 2687 919 2744 Ι
982 2693 1033 2731 19
1065 2691 1105 2730 is
1127 2689 1242 2730 B¹R¹
1283 2687 1302 2743 Η
1349 2691 1403 2730 23
1433 2694 1531 2742 post
1561 2688 1609 2728 hi
1640 2690 1699 2729 ad
1731 2719 1745 2731 .

134 2750 214 2799 qui
242 2748 265 2788 b
306 2744 324 2801 {l
363 2749 418 2788 24
447 2750 568 2790 inter
599 2762 647 2788 se
670 2748 965 2801 incompositi
996 2761 1071 2788 om.
1096 2745 1157 2787 R¹
1195 2743 1214 2800 Η
1255 2749 1310 2787 25
1340 2759 1487 2786 nonus
1518 2746 1567 2785 in
1588 2744 1687 2786 B¹R
1719 2742 1732 2855 Ι

132 2804 186 2844 27
222 2806 273 2843 ut
304 2804 396 2843 sint
433 2810 478 2844 ut
507 2807 678 2846 uidetur
709 2805 749 2844 B
789 2805 847 2844 ad
878 2804 971 2844 sint
1001 2804 1024 2842 h
1066 2806 1115 2843 at
1145 2803 1238 2843 sint
1268 2803 1306 2843 R
1345 2806 1393 2842 at
1424 2802 1465 2842 si
1495 2804 1588 2842 sint
1623 2816 1648 2842 r

132 2860 188 2900 30
218 2859 366 2912 ipsum
396 2860 420 2900 b
460 2858 479 2915 Η
519 2861 849 2915 multiplicabit
870 2860 970 2901 B¹R
1008 2857 1029 2913 Η
