<?xml version="1.0" encoding="UTF-8"?>
<!DOCTYPE html PUBLIC "-//W3C//DTD XHTML 1.0 Transitional//EN"
    "http://www.w3.org/TR/xhtml1/DTD/xhtml1-transitional.dtd">
<html xmlns="http://www.w3.org/1999/xhtml" xml:lang="en" lang="en">
 <head>
  <title>
</title>
<meta http-equiv="Content-Type" content="text/html;charset=utf-8" />
  <meta name='ocr-system' content='tesseract 3.04.00' />
  <meta name='ocr-capabilities' content='ocr_page ocr_carea ocr_par ocr_line ocrx_word'/>
</head>
<body>
  <div class='ocr_page' id='page_1' title='image "./martianvscapella00martuoft_0492.png"; bbox 0 0 1982 3230; ppageno 0'>
   <div class='ocr_carea' id='block_1_1' title="bbox 328 126 1319 181">
    <p class='ocr_par' dir='ltr' id='par_1_1' title="bbox 328 126 1319 181">
     <span class='ocr_line' id='line_1_1' title="bbox 328 126 1319 181; baseline 0 -11"><span class='ocrx_word' id='word_1_1' title='bbox 328 128 435 181; x_wconf 84' lang='lat'>418</span> <span class='ocrx_word' id='word_1_2' title='bbox 960 126 1226 169; x_wconf 85' lang='lat' dir='ltr'><strong>SCHOLIA</strong></span> <span class='ocrx_word' id='word_1_3' title='bbox 1253 129 1319 170; x_wconf 90' lang='lat' dir='ltr'>IN</span> 
     </span>
    </p>
   </div>
   <div class='ocr_carea' id='block_1_2' title="bbox 199 267 1982 1806">
    <p class='ocr_par' dir='ltr' id='par_1_2' title="bbox 330 267 1962 476">
     <span class='ocr_line' id='line_1_2' title="bbox 331 267 1946 333; baseline 0.002 -14"><span class='ocrx_word' id='word_1_4' title='bbox 331 271 445 319; x_wconf 89' lang='lat' dir='ltr'>stris</span> <span class='ocrx_word' id='word_1_5' title='bbox 474 274 696 319; x_wconf 84' lang='lat' dir='ltr'>uocatur.</span> <span class='ocrx_word' id='word_1_6' title='bbox 772 267 924 318; x_wconf 86' lang='lat' dir='ltr'>habet</span> <span class='ocrx_word' id='word_1_7' title='bbox 948 267 1112 319; x_wconf 84' lang='lat' dir='ltr'>stellas</span> <span class='ocrx_word' id='word_1_8' title='bbox 1138 270 1298 333; x_wconf 91' lang='lat' dir='ltr'>primo</span> <span class='ocrx_word' id='word_1_9' title='bbox 1333 268 1464 319; x_wconf 87' lang='lat' dir='ltr'>flexu</span> <span class='ocrx_word' id='word_1_10' title='bbox 1490 269 1580 327; x_wconf 90' lang='grc' dir='ltr'><strong>ΙΙΙ,</strong></span> <span class='ocrx_word' id='word_1_11' title='bbox 1619 271 1838 322; x_wconf 90' lang='lat' dir='ltr'>secundo</span> <span class='ocrx_word' id='word_1_12' title='bbox 1862 271 1946 331; x_wconf 90' lang='lat'><strong>111,</strong></span> 
     </span>
     <span class='ocr_line' id='line_1_3' title="bbox 330 338 1962 406; baseline 0.003 -19"><span class='ocrx_word' id='word_1_13' title='bbox 330 342 380 388; x_wconf 89' lang='lat' dir='ltr'>in</span> <span class='ocrx_word' id='word_1_14' title='bbox 407 340 554 388; x_wconf 86' lang='lat' dir='ltr'>tertio</span> <span class='ocrx_word' id='word_1_15' title='bbox 583 353 740 404; x_wconf 90' lang='lat' dir='ltr'>suque</span> <span class='ocrx_word' id='word_1_16' title='bbox 767 338 828 388; x_wconf 91' lang='lat' dir='ltr'>ad</span> <span class='ocrx_word' id='word_1_17' title='bbox 855 339 1180 389; x_wconf 86' lang='lat' dir='ltr'>nouissimum</span> <span class='ocrx_word' id='word_1_18' title='bbox 1208 346 1414 405; x_wconf 83' lang='lat' dir='ltr'><strong>septem,</strong></span> <span class='ocrx_word' id='word_1_19' title='bbox 1451 356 1576 406; x_wconf 90' lang='lat' dir='ltr'>quae</span> <span class='ocrx_word' id='word_1_20' title='bbox 1603 341 1835 392; x_wconf 86' lang='lat' dir='ltr'>dicuntur</span> <span class='ocrx_word' id='word_1_21' title='bbox 1861 355 1962 393; x_wconf 87' lang='lat' dir='ltr'>ora</span> 
     </span>
     <span class='ocr_line' id='line_1_4' title="bbox 331 407 1942 476; baseline -0.001 -17"><span class='ocrx_word' id='word_1_22' title='bbox 331 408 441 459; x_wconf 90' lang='lat' dir='ltr'>Nili.</span> <span class='ocrx_word' id='word_1_23' title='bbox 497 424 690 459; x_wconf 90' lang='lat' dir='ltr'>summa</span> <span class='ocrx_word' id='word_1_24' title='bbox 716 408 886 459; x_wconf 87' lang='lat' dir='ltr'>stellae</span> <span class='ocrx_word' id='word_1_25' title='bbox 912 408 1207 476; x_wconf 64' lang='lat' dir='ltr'>tredecim&gt;</span> <span class='ocrx_word' id='word_1_26' title='bbox 1931 407 1942 417; x_wconf 76' lang='lat'><strong><em>‘</em></strong></span> 
     </span>
    </p>

    <p class='ocr_par' dir='ltr' id='par_1_3' title="bbox 468 476 1277 545">
     <span class='ocr_line' id='line_1_5' title="bbox 468 476 1277 545; baseline 0 -17"><span class='ocrx_word' id='word_1_27' title='bbox 468 479 670 529; x_wconf 87' lang='lat' dir='ltr'>Infimus</span> <span class='ocrx_word' id='word_1_28' title='bbox 694 478 1075 545; x_wconf 83' lang='lat' dir='ltr'>Hydrochoeus]</span> <span class='ocrx_word' id='word_1_29' title='bbox 1103 496 1149 530; x_wconf 82' lang='lat' dir='ltr'>u.</span> <span class='ocrx_word' id='word_1_30' title='bbox 1179 476 1277 528; x_wconf 81' lang='grc'>382</span> 
     </span>
    </p>

    <p class='ocr_par' dir='ltr' id='par_1_4' title="bbox 469 548 1946 616">
     <span class='ocr_line' id='line_1_6' title="bbox 469 548 1946 616; baseline 0.003 -18"><span class='ocrx_word' id='word_1_31' title='bbox 469 548 596 614; x_wconf 88' lang='lat' dir='ltr'>&lt;Hic</span> <span class='ocrx_word' id='word_1_32' title='bbox 634 555 707 599; x_wconf 87' lang='lat' dir='ltr'>est</span> <span class='ocrx_word' id='word_1_33' title='bbox 742 551 826 614; x_wconf 93' lang='lat' dir='ltr'>qui</span> <span class='ocrx_word' id='word_1_34' title='bbox 851 549 1049 600; x_wconf 86' lang='lat' dir='ltr'><strong>MAIOR</strong></span> <span class='ocrx_word' id='word_1_35' title='bbox 1074 550 1298 601; x_wconf 87' lang='lat' dir='ltr'><em>PISCIS</em></span> <span class='ocrx_word' id='word_1_36' title='bbox 1317 555 1550 609; x_wconf 88' lang='lat' dir='ltr'>uocatur,</span> <span class='ocrx_word' id='word_1_37' title='bbox 1593 566 1740 616; x_wconf 91' lang='lat' dir='ltr'>quem</span> <span class='ocrx_word' id='word_1_38' title='bbox 1775 551 1946 614; x_wconf 83' lang='lat' dir='ltr'>dicunt</span> 
     </span>
    </p>

    <p class='ocr_par' dir='ltr' id='par_1_5' title="bbox 199 619 1948 686">
     <span class='ocr_line' id='line_1_7' title="bbox 199 619 1948 686; baseline 0.002 -15"><span class='ocrx_word' id='word_1_39' title='bbox 199 622 255 661; x_wconf 81' lang='grc'>85</span> <span class='ocrx_word' id='word_1_40' title='bbox 264 619 306 659; x_wconf 84' lang='lat' dir='ltr'><em>B</em></span> <span class='ocrx_word' id='word_1_41' title='bbox 329 621 531 684; x_wconf 83' lang='lat' dir='ltr'><strong>Aquarii</strong></span> <span class='ocrx_word' id='word_1_42' title='bbox 558 620 803 670; x_wconf 84' lang='lat' dir='ltr'><strong>fusionem</strong></span> <span class='ocrx_word' id='word_1_43' title='bbox 830 635 954 670; x_wconf 89' lang='lat' dir='ltr'>urna</span> <span class='ocrx_word' id='word_1_44' title='bbox 994 620 1210 671; x_wconf 87' lang='lat' dir='ltr'>ebibere.</span> <span class='ocrx_word' id='word_1_45' title='bbox 1263 621 1343 671; x_wconf 91' lang='lat' dir='ltr'>hic</span> <span class='ocrx_word' id='word_1_46' title='bbox 1368 622 1526 686; x_wconf 91' lang='lat' dir='ltr'>prima</span> <span class='ocrx_word' id='word_1_47' title='bbox 1553 622 1788 672; x_wconf 88' lang='lat' dir='ltr'>memoria</span> <span class='ocrx_word' id='word_1_48' title='bbox 1813 620 1948 674; x_wconf 88' lang='grc' dir='ltr'><strong>κατὰ</strong></span> 
     </span>
    </p>

    <p class='ocr_par' dir='ltr' id='par_1_6' title="bbox 328 689 1982 1178">
     <span class='ocr_line' id='line_1_8' title="bbox 331 689 1947 755; baseline 0.001 -14"><span class='ocrx_word' id='word_1_49' title='bbox 331 689 610 754; x_wconf 85' lang='grc' dir='ltr'>Βαμβύκην</span> <span class='ocrx_word' id='word_1_50' title='bbox 638 690 788 740; x_wconf 88' lang='lat' dir='ltr'>fuisse</span> <span class='ocrx_word' id='word_1_51' title='bbox 815 690 999 748; x_wconf 88' lang='lat' dir='ltr'>fertur,</span> <span class='ocrx_word' id='word_1_52' title='bbox 1038 694 1090 741; x_wconf 80' lang='lat' dir='ltr'>in</span> <span class='ocrx_word' id='word_1_53' title='bbox 1117 693 1252 753; x_wconf 78' lang='lat' dir='ltr'>quod</span> <span class='ocrx_word' id='word_1_54' title='bbox 1273 694 1486 742; x_wconf 81' lang='lat' dir='ltr'>Derceto</span> <span class='ocrx_word' id='word_1_55' title='bbox 1524 693 1760 742; x_wconf 82' lang='lat' dir='ltr'>decidens</span> <span class='ocrx_word' id='word_1_56' title='bbox 1793 690 1845 742; x_wconf 78' lang='lat' dir='ltr'>in</span> <span class='ocrx_word' id='word_1_57' title='bbox 1863 694 1947 755; x_wconf 80' lang='lat' dir='ltr'>pi-</span> 
     </span>
     <span class='ocr_line' id='line_1_9' title="bbox 328 761 1940 827; baseline 0.001 -17"><span class='ocrx_word' id='word_1_58' title='bbox 328 776 458 811; x_wconf 84' lang='lat' dir='ltr'>scem</span> <span class='ocrx_word' id='word_1_59' title='bbox 486 766 560 810; x_wconf 81' lang='lat' dir='ltr'>est</span> <span class='ocrx_word' id='word_1_60' title='bbox 584 761 944 824; x_wconf 84' lang='lat' dir='ltr'>transfigurata.</span> <span class='ocrx_word' id='word_1_61' title='bbox 989 776 1134 826; x_wconf 91' lang='lat' dir='ltr'>quam</span> <span class='ocrx_word' id='word_1_62' title='bbox 1157 761 1343 827; x_wconf 85' lang='lat' dir='ltr'><strong>Syriam</strong></span> <span class='ocrx_word' id='word_1_63' title='bbox 1374 762 1515 811; x_wconf 89' lang='lat' dir='ltr'>deam</span> <span class='ocrx_word' id='word_1_64' title='bbox 1542 763 1940 812; x_wconf 85' lang='lat' dir='ltr'>nominauerunt.</span> 
     </span>
     <span class='ocr_line' id='line_1_10' title="bbox 329 831 1947 896; baseline 0.002 -17"><span class='ocrx_word' id='word_1_65' title='bbox 329 831 474 880; x_wconf 92' lang='lat' dir='ltr'>huius</span> <span class='ocrx_word' id='word_1_66' title='bbox 498 831 729 881; x_wconf 86' lang='lat' dir='ltr'>dicuntur</span> <span class='ocrx_word' id='word_1_67' title='bbox 757 837 805 880; x_wconf 87' lang='lat' dir='ltr'>et</span> <span class='ocrx_word' id='word_1_68' title='bbox 829 833 1024 896; x_wconf 84' lang='lat' dir='ltr'><strong>priores</strong></span> <span class='ocrx_word' id='word_1_69' title='bbox 1050 833 1211 896; x_wconf 84' lang='lat' dir='ltr'>pisces</span> <span class='ocrx_word' id='word_1_70' title='bbox 1233 832 1330 881; x_wconf 90' lang='lat' dir='ltr'>duo</span> <span class='ocrx_word' id='word_1_71' title='bbox 1359 848 1419 882; x_wconf 85' lang='lat' dir='ltr'>ex</span> <span class='ocrx_word' id='word_1_72' title='bbox 1445 846 1630 896; x_wconf 84' lang='lat' dir='ltr'>genere</span> <span class='ocrx_word' id='word_1_73' title='bbox 1657 846 1781 882; x_wconf 90' lang='lat' dir='ltr'>esse.</span> <span class='ocrx_word' id='word_1_74' title='bbox 1819 847 1947 896; x_wconf 91' lang='lat' dir='ltr'>quos</span> 
     </span>
     <span class='ocr_line' id='line_1_11' title="bbox 330 900 1982 966; baseline -0.001 -16"><span class='ocrx_word' id='word_1_75' title='bbox 330 915 503 951; x_wconf 89' lang='lat' dir='ltr'>omnes</span> <span class='ocrx_word' id='word_1_76' title='bbox 539 900 601 949; x_wconf 93' lang='lat' dir='ltr'>ob</span> <span class='ocrx_word' id='word_1_77' title='bbox 641 915 749 950; x_wconf 89' lang='lat' dir='ltr'>eam</span> <span class='ocrx_word' id='word_1_78' title='bbox 787 902 918 966; x_wconf 89' lang='lat' dir='ltr'>quod</span> <span class='ocrx_word' id='word_1_79' title='bbox 957 902 1158 951; x_wconf 91' lang='lat' dir='ltr'>Veneris</span> <span class='ocrx_word' id='word_1_80' title='bbox 1194 908 1323 952; x_wconf 87' lang='lat' dir='ltr'>esset</span> <span class='ocrx_word' id='word_1_81' title='bbox 1356 901 1452 951; x_wconf 88' lang='lat' dir='ltr'>filia</span> <span class='ocrx_word' id='word_1_82' title='bbox 1488 902 1864 951; x_wconf 86' lang='lat' dir='ltr'>honorauerunt</span> <span class='ocrx_word' id='word_1_83' title='bbox 1900 906 1982 952; x_wconf 76' lang='lat' dir='ltr'>eti</span> 
     </span>
     <span class='ocr_line' id='line_1_12' title="bbox 331 970 1946 1037; baseline 0.001 -18"><span class='ocrx_word' id='word_1_84' title='bbox 331 973 384 1020; x_wconf 92' lang='lat' dir='ltr'>in</span> <span class='ocrx_word' id='word_1_85' title='bbox 412 970 603 1021; x_wconf 91' lang='lat' dir='ltr'>caelum</span> <span class='ocrx_word' id='word_1_86' title='bbox 624 970 905 1021; x_wconf 83' lang='lat' dir='ltr'>retulerunt</span> <span class='ocrx_word' id='word_1_87' title='bbox 931 987 1087 1036; x_wconf 86' lang='lat' dir='ltr'>eaque</span> <span class='ocrx_word' id='word_1_88' title='bbox 1112 971 1316 1036; x_wconf 85' lang='lat' dir='ltr'>regione</span> <span class='ocrx_word' id='word_1_89' title='bbox 1337 973 1498 1037; x_wconf 85' lang='lat' dir='ltr'>pisces</span> <span class='ocrx_word' id='word_1_90' title='bbox 1522 970 1735 1035; x_wconf 91' lang='lat' dir='ltr'>religose</span> <span class='ocrx_word' id='word_1_91' title='bbox 1762 970 1946 1033; x_wconf 86' lang='lat' dir='ltr'>colunt,</span> 
     </span>
     <span class='ocr_line' id='line_1_13' title="bbox 333 1040 1982 1107; baseline 0 -16"><span class='ocrx_word' id='word_1_92' title='bbox 333 1057 511 1091; x_wconf 90' lang='lat' dir='ltr'>aureos</span> <span class='ocrx_word' id='word_1_93' title='bbox 538 1046 898 1106; x_wconf 83' lang='lat' dir='ltr'>argenteosque</span> <span class='ocrx_word' id='word_1_94' title='bbox 925 1048 1122 1092; x_wconf 84' lang='lat' dir='ltr'>sacrant</span> <span class='ocrx_word' id='word_1_95' title='bbox 1145 1043 1195 1090; x_wconf 92' lang='lat' dir='ltr'>in</span> <span class='ocrx_word' id='word_1_96' title='bbox 1223 1041 1428 1106; x_wconf 80' lang='lat' dir='ltr'>templis,</span> <span class='ocrx_word' id='word_1_97' title='bbox 1455 1040 1603 1091; x_wconf 84' lang='lat' dir='ltr'>habet</span> <span class='ocrx_word' id='word_1_98' title='bbox 1622 1040 1787 1091; x_wconf 88' lang='lat' dir='ltr'>stellas</span> <span class='ocrx_word' id='word_1_99' title='bbox 1805 1040 1948 1107; x_wconf 81' lang='lat' dir='ltr'>XII.)</span> <span class='ocrx_word' id='word_1_100' title='bbox 1979 1099 1982 1105; x_wconf 94' lang='lat'><em>.</em></span> 
     </span>
     <span class='ocr_line' id='line_1_14' title="bbox 338 1109 1863 1178; baseline -0.001 -17"><span class='ocrx_word' id='word_1_101' title='bbox 338 1111 484 1178; x_wconf 90' lang='lat' dir='ltr'>[haec</span> <span class='ocrx_word' id='word_1_102' title='bbox 511 1118 626 1161; x_wconf 87' lang='lat' dir='ltr'>sunt</span> <span class='ocrx_word' id='word_1_103' title='bbox 653 1118 780 1161; x_wconf 87' lang='lat' dir='ltr'>astra</span> <span class='ocrx_word' id='word_1_104' title='bbox 809 1115 915 1162; x_wconf 87' lang='lat' dir='ltr'>siue</span> <span class='ocrx_word' id='word_1_105' title='bbox 942 1115 1080 1177; x_wconf 89' lang='lat' dir='ltr'>signa</span> <span class='ocrx_word' id='word_1_106' title='bbox 1108 1127 1234 1177; x_wconf 88' lang='lat' dir='ltr'>quae</span> <span class='ocrx_word' id='word_1_107' title='bbox 1258 1111 1485 1177; x_wconf 85' lang='lat' dir='ltr'>planetae</span> <span class='ocrx_word' id='word_1_108' title='bbox 1511 1109 1863 1177; x_wconf 66' lang='lat' dir='ltr'>appellantur]</span> 
     </span>
    </p>

    <p class='ocr_par' dir='ltr' id='par_1_7' title="bbox 477 1182 1163 1249">
     <span class='ocr_line' id='line_1_15' title="bbox 477 1182 1163 1249; baseline 0 -17"><span class='ocrx_word' id='word_1_109' title='bbox 477 1183 730 1232; x_wconf 86' lang='lat' dir='ltr'>Oceanum</span> <span class='ocrx_word' id='word_1_110' title='bbox 759 1182 962 1249; x_wconf 81' lang='lat' dir='ltr'>occasu]</span> <span class='ocrx_word' id='word_1_111' title='bbox 991 1199 1038 1233; x_wconf 85' lang='lat' dir='ltr'>u.</span> <span class='ocrx_word' id='word_1_112' title='bbox 1070 1188 1163 1232; x_wconf 87' lang='grc'>396</span> 
     </span>
    </p>

    <p class='ocr_par' dir='ltr' id='par_1_8' title="bbox 333 1251 1982 1387">
     <span class='ocr_line' id='line_1_16' title="bbox 478 1251 1982 1318; baseline -0.003 -16"><span class='ocrx_word' id='word_1_113' title='bbox 478 1251 620 1317; x_wconf 87' lang='lat' dir='ltr'>&lt;Hoc</span> <span class='ocrx_word' id='word_1_114' title='bbox 659 1259 755 1309; x_wconf 84' lang='lat' dir='ltr'>est,</span> <span class='ocrx_word' id='word_1_115' title='bbox 803 1255 852 1302; x_wconf 90' lang='lat' dir='ltr'>in</span> <span class='ocrx_word' id='word_1_116' title='bbox 890 1269 985 1318; x_wconf 91' lang='lat' dir='ltr'>quo</span> <span class='ocrx_word' id='word_1_117' title='bbox 1023 1253 1102 1302; x_wconf 89' lang='lat' dir='ltr'>dei</span> <span class='ocrx_word' id='word_1_118' title='bbox 1134 1253 1350 1318; x_wconf 91' lang='lat' dir='ltr'>primum</span> <span class='ocrx_word' id='word_1_119' title='bbox 1391 1253 1782 1301; x_wconf 82' lang='lat' dir='ltr'>coniurationem</span> <span class='ocrx_word' id='word_1_120' title='bbox 1818 1251 1982 1302; x_wconf 84' lang='lat' dir='ltr'>fece-1</span> 
     </span>
     <span class='ocr_line' id='line_1_17' title="bbox 333 1321 1946 1387; baseline -0.001 -16"><span class='ocrx_word' id='word_1_121' title='bbox 333 1330 474 1380; x_wconf 85' lang='lat' dir='ltr'>runt,</span> <span class='ocrx_word' id='word_1_122' title='bbox 527 1327 641 1371; x_wconf 87' lang='lat' dir='ltr'>cum</span> <span class='ocrx_word' id='word_1_123' title='bbox 676 1323 808 1372; x_wconf 92' lang='lat' dir='ltr'>Iouis</span> <span class='ocrx_word' id='word_1_124' title='bbox 856 1330 1026 1372; x_wconf 85' lang='lat' dir='ltr'>contra</span> <span class='ocrx_word' id='word_1_125' title='bbox 1074 1323 1341 1372; x_wconf 83' lang='lat' dir='ltr'>Saturnum</span> <span class='ocrx_word' id='word_1_126' title='bbox 1387 1321 1517 1371; x_wconf 84' lang='lat' dir='ltr'>fecit.</span> <span class='ocrx_word' id='word_1_127' title='bbox 1583 1321 1714 1387; x_wconf 92' lang='lat' dir='ltr'>quod</span> <span class='ocrx_word' id='word_1_128' title='bbox 1760 1336 1946 1371; x_wconf 88' lang='lat' dir='ltr'>memo-</span> 
     </span>
    </p>

    <p class='ocr_par' dir='ltr' id='par_1_9' title="bbox 199 1390 1950 1450">
     <span class='ocr_line' id='line_1_18' title="bbox 199 1390 1950 1450; baseline 0 -9"><span class='ocrx_word' id='word_1_129' title='bbox 199 1401 307 1441; x_wconf 82' lang='lat' dir='ltr'>86B</span> <span class='ocrx_word' id='word_1_130' title='bbox 329 1395 432 1442; x_wconf 87' lang='lat' dir='ltr'>riae</span> <span class='ocrx_word' id='word_1_131' title='bbox 459 1407 560 1441; x_wconf 90' lang='lat' dir='ltr'>non</span> <span class='ocrx_word' id='word_1_132' title='bbox 587 1390 747 1440; x_wconf 90' lang='lat' dir='ltr'>solum</span> <span class='ocrx_word' id='word_1_133' title='bbox 785 1394 927 1443; x_wconf 85' lang='lat' dir='ltr'>astris</span> <span class='ocrx_word' id='word_1_134' title='bbox 963 1392 1195 1450; x_wconf 86' lang='lat' dir='ltr'>inlatum,</span> <span class='ocrx_word' id='word_1_135' title='bbox 1238 1392 1324 1442; x_wconf 89' lang='lat' dir='ltr'>sed</span> <span class='ocrx_word' id='word_1_136' title='bbox 1363 1393 1509 1441; x_wconf 83' lang='lat' dir='ltr'>etiam</span> <span class='ocrx_word' id='word_1_137' title='bbox 1536 1390 1816 1441; x_wconf 91' lang='lat' dir='ltr'>hominibus</span> <span class='ocrx_word' id='word_1_138' title='bbox 1853 1391 1950 1441; x_wconf 89' lang='lat' dir='ltr'>hoc</span> 
     </span>
    </p>

    <p class='ocr_par' dir='ltr' id='par_1_10' title="bbox 327 1459 1982 1806">
     <span class='ocr_line' id='line_1_19' title="bbox 328 1459 1949 1527; baseline -0.001 -15"><span class='ocrx_word' id='word_1_139' title='bbox 328 1462 516 1512; x_wconf 88' lang='lat' dir='ltr'>habere</span> <span class='ocrx_word' id='word_1_140' title='bbox 541 1463 885 1521; x_wconf 86' lang='lat' dir='ltr'>instituerunt,</span> <span class='ocrx_word' id='word_1_141' title='bbox 916 1463 1048 1527; x_wconf 92' lang='lat' dir='ltr'>quod</span> <span class='ocrx_word' id='word_1_142' title='bbox 1077 1468 1124 1512; x_wconf 87' lang='lat' dir='ltr'>et</span> <span class='ocrx_word' id='word_1_143' title='bbox 1146 1464 1202 1511; x_wconf 92' lang='lat' dir='ltr'>in</span> <span class='ocrx_word' id='word_1_144' title='bbox 1230 1461 1469 1525; x_wconf 82' lang='lat' dir='ltr'>agonibus</span> <span class='ocrx_word' id='word_1_145' title='bbox 1499 1460 1635 1527; x_wconf 88' lang='lat' dir='ltr'>[sed]</span> <span class='ocrx_word' id='word_1_146' title='bbox 1665 1467 1712 1510; x_wconf 87' lang='lat' dir='ltr'>et</span> <span class='ocrx_word' id='word_1_147' title='bbox 1745 1462 1796 1509; x_wconf 91' lang='lat' dir='ltr'>in</span> <span class='ocrx_word' id='word_1_148' title='bbox 1820 1459 1949 1510; x_wconf 91' lang='lat' dir='ltr'>ludis</span> 
     </span>
     <span class='ocr_line' id='line_1_20' title="bbox 328 1530 1948 1598; baseline -0.001 -17"><span class='ocrx_word' id='word_1_149' title='bbox 328 1531 783 1598; x_wconf 88' lang='lat' dir='ltr'>quinquennalibus</span> <span class='ocrx_word' id='word_1_150' title='bbox 816 1548 1030 1582; x_wconf 86' lang='lat' dir='ltr'>coronae</span> <span class='ocrx_word' id='word_1_151' title='bbox 1067 1532 1278 1583; x_wconf 86' lang='lat' dir='ltr'>habetur</span> <span class='ocrx_word' id='word_1_152' title='bbox 1313 1538 1368 1581; x_wconf 88' lang='lat' dir='ltr'>ut</span> <span class='ocrx_word' id='word_1_153' title='bbox 1402 1531 1619 1590; x_wconf 87' lang='lat' dir='ltr'>foederis</span> <span class='ocrx_word' id='word_1_154' title='bbox 1654 1535 1826 1580; x_wconf 85' lang='lat' dir='ltr'>testem</span> <span class='ocrx_word' id='word_1_155' title='bbox 1862 1530 1948 1580; x_wconf 91' lang='lat' dir='ltr'>ad-</span> 
     </span>
     <span class='ocr_line' id='line_1_21' title="bbox 327 1601 1982 1667; baseline -0.004 -15"><span class='ocrx_word' id='word_1_156' title='bbox 327 1603 583 1659; x_wconf 84' lang='lat' dir='ltr'>hiberent,</span> <span class='ocrx_word' id='word_1_157' title='bbox 631 1603 848 1667; x_wconf 85' lang='lat' dir='ltr'>itemque</span> <span class='ocrx_word' id='word_1_158' title='bbox 893 1611 1030 1652; x_wconf 87' lang='lat' dir='ltr'>uates</span> <span class='ocrx_word' id='word_1_159' title='bbox 1075 1618 1166 1667; x_wconf 91' lang='lat' dir='ltr'>per</span> <span class='ocrx_word' id='word_1_160' title='bbox 1209 1603 1304 1651; x_wconf 92' lang='lat' dir='ltr'>hoc</span> <span class='ocrx_word' id='word_1_161' title='bbox 1339 1616 1430 1666; x_wconf 91' lang='lat' dir='ltr'>per</span> <span class='ocrx_word' id='word_1_162' title='bbox 1467 1601 1631 1665; x_wconf 88' lang='lat' dir='ltr'>ignem</span> <span class='ocrx_word' id='word_1_163' title='bbox 1666 1601 1831 1651; x_wconf 83' lang='lat' dir='ltr'>futura</span> <span class='ocrx_word' id='word_1_164' title='bbox 1866 1614 1982 1651; x_wconf 57' lang='grc' dir='ltr'><strong>ταὶ-Ξ</strong></span> 
     </span>
     <span class='ocr_line' id='line_1_22' title="bbox 328 1671 1946 1738; baseline -0.002 -15"><span class='ocrx_word' id='word_1_165' title='bbox 328 1672 645 1738; x_wconf 82' lang='lat' dir='ltr'>sponderent,</span> <span class='ocrx_word' id='word_1_166' title='bbox 676 1679 723 1722; x_wconf 83' lang='lat' dir='ltr'>et</span> <span class='ocrx_word' id='word_1_167' title='bbox 749 1674 797 1723; x_wconf 90' lang='lat' dir='ltr'>in</span> <span class='ocrx_word' id='word_1_168' title='bbox 818 1674 1077 1738; x_wconf 84' lang='lat' dir='ltr'>symposiis</span> <span class='ocrx_word' id='word_1_169' title='bbox 1098 1672 1426 1737; x_wconf 88' lang='lat' dir='ltr'>domibusque</span> <span class='ocrx_word' id='word_1_170' title='bbox 1454 1676 1821 1721; x_wconf 89' lang='lat' dir='ltr'>consecrarunt.</span> <span class='ocrx_word' id='word_1_171' title='bbox 1860 1671 1946 1720; x_wconf 89' lang='lat' dir='ltr'>ha-</span> 
     </span>
     <span class='ocr_line' id='line_1_23' title="bbox 332 1740 1736 1806; baseline -0.002 -13"><span class='ocrx_word' id='word_1_172' title='bbox 332 1743 416 1793; x_wconf 85' lang='lat' dir='ltr'>bet</span> <span class='ocrx_word' id='word_1_173' title='bbox 443 1742 750 1802; x_wconf 84' lang='lat' dir='ltr'>stellas-IIII,</span> <span class='ocrx_word' id='word_1_174' title='bbox 789 1744 910 1793; x_wconf 88' lang='lat' dir='ltr'>duas</span> <span class='ocrx_word' id='word_1_175' title='bbox 936 1745 985 1793; x_wconf 90' lang='lat' dir='ltr'>in</span> <span class='ocrx_word' id='word_1_176' title='bbox 1014 1742 1318 1793; x_wconf 90' lang='lat' dir='ltr'>carbonibus</span> <span class='ocrx_word' id='word_1_177' title='bbox 1346 1747 1393 1791; x_wconf 83' lang='lat' dir='ltr'>et</span> <span class='ocrx_word' id='word_1_178' title='bbox 1418 1743 1468 1790; x_wconf 92' lang='lat' dir='ltr'>in</span> <span class='ocrx_word' id='word_1_179' title='bbox 1493 1740 1612 1791; x_wconf 87' lang='lat' dir='ltr'>base</span> <span class='ocrx_word' id='word_1_180' title='bbox 1637 1740 1736 1806; x_wconf 81' lang='grc' dir='ltr'><strong>ΙΙ.)</strong></span> 
     </span>
    </p>
   </div>
   <div class='ocr_carea' id='block_1_3' title="bbox 330 1849 669 1857">
    <p class='ocr_par' dir='ltr' id='par_1_11' title="bbox 330 1849 669 1857">
     <span class='ocr_line' id='line_1_24' title="bbox 330 1849 669 1857; baseline 0 0"><span class='ocrx_word' id='word_1_181' title='bbox 330 1849 669 1857; x_wconf 95' lang='lat' dir='ltr'> </span> 
     </span>
    </p>
   </div>
   <div class='ocr_carea' id='block_1_4' title="bbox 979 1852 1004 1859">
    <p class='ocr_par' dir='ltr' id='par_1_12' title="bbox 979 1852 1004 1859">
     <span class='ocr_line' id='line_1_25' title="bbox 979 1852 1004 1859; baseline 0 0"><span class='ocrx_word' id='word_1_182' title='bbox 979 1852 1004 1859; x_wconf 64' lang='grc' dir='ltr'>,ο-</span> 
     </span>
    </p>
   </div>
   <div class='ocr_carea' id='block_1_5' title="bbox 438 1894 1944 1963">
    <p class='ocr_par' dir='ltr' id='par_1_13' title="bbox 438 1894 1944 1963">
     <span class='ocr_line' id='line_1_26' title="bbox 438 1894 1944 1963; baseline -0.003 -23"><span class='ocrx_word' id='word_1_183' title='bbox 438 1900 464 1940; x_wconf 88' lang='grc'>5</span> <span class='ocrx_word' id='word_1_184' title='bbox 497 1898 674 1939; x_wconf 84' lang='lat' dir='ltr'>Catast.</span> <span class='ocrx_word' id='word_1_185' title='bbox 707 1912 750 1952; x_wconf 84' lang='lat' dir='ltr'>p.</span> <span class='ocrx_word' id='word_1_186' title='bbox 784 1899 880 1950; x_wconf 84' lang='lat'><strong>263,</strong></span> <span class='ocrx_word' id='word_1_187' title='bbox 914 1898 1139 1946; x_wconf 79' lang='lat'><strong>26—264,</strong></span> <span class='ocrx_word' id='word_1_188' title='bbox 1172 1898 1197 1938; x_wconf 90' lang='grc'>6</span> <span class='ocrx_word' id='word_1_189' title='bbox 1237 1894 1256 1950; x_wconf 98' lang='grc' dir='ltr'>Η</span> <span class='ocrx_word' id='word_1_190' title='bbox 1296 1897 1348 1937; x_wconf 88' lang='lat'>15</span> <span class='ocrx_word' id='word_1_191' title='bbox 1380 1894 1556 1963; x_wconf 84' lang='lat' dir='ltr'>Catast.</span> <span class='ocrx_word' id='word_1_192' title='bbox 1587 1907 1632 1947; x_wconf 90' lang='lat' dir='ltr'>p.</span> <span class='ocrx_word' id='word_1_193' title='bbox 1664 1894 1771 1946; x_wconf 79' lang='lat'><strong>264,</strong></span> <span class='ocrx_word' id='word_1_194' title='bbox 1803 1894 1944 1936; x_wconf 86' lang='lat'>8-15</span> 
     </span>
    </p>
   </div>
   <div class='ocr_carea' id='block_1_6' title="bbox 326 1991 664 1998">
    <p class='ocr_par' dir='ltr' id='par_1_14' title="bbox 326 1991 664 1998">
     <span class='ocr_line' id='line_1_27' title="bbox 326 1991 664 1998; baseline 0 1232"><span class='ocrx_word' id='word_1_195' title='bbox 326 1991 664 1998; x_wconf 95' lang='lat' dir='ltr'> </span> 
     </span>
    </p>
   </div>
   <div class='ocr_carea' id='block_1_7' title="bbox 316 2031 1945 2936">
    <p class='ocr_par' dir='ltr' id='par_1_15' title="bbox 316 2031 1945 2936">
     <span class='ocr_line' id='line_1_28' title="bbox 439 2031 1942 2091; baseline -0.003 -12"><span class='ocrx_word' id='word_1_196' title='bbox 439 2041 462 2079; x_wconf 93' lang='lat'><strong>1</strong></span> <span class='ocrx_word' id='word_1_197' title='bbox 494 2038 570 2080; x_wconf 79' lang='grc' dir='ltr'>ἐπὶ</span> <span class='ocrx_word' id='word_1_198' title='bbox 600 2041 686 2091; x_wconf 76' lang='grc' dir='ltr'>τῆς</span> <span class='ocrx_word' id='word_1_199' title='bbox 718 2038 927 2090; x_wconf 77' lang='grc' dir='ltr'>κεφαλῆς</span> <span class='ocrx_word' id='word_1_200' title='bbox 959 2032 1007 2079; x_wconf 83' lang='grc' dir='ltr'>α’</span> <span class='ocrx_word' id='word_1_201' title='bbox 1038 2038 1138 2080; x_wconf 83' lang='lat' dir='ltr'>add.</span> <span class='ocrx_word' id='word_1_202' title='bbox 1177 2033 1424 2090; x_wconf 51' lang='lat' dir='ltr'>Calas-&amp;113</span> <span class='ocrx_word' id='word_1_203' title='bbox 1455 2034 1566 2076; x_wconf 84' lang='lat' dir='ltr'>stelt</span> <span class='ocrx_word' id='word_1_204' title='bbox 1594 2031 1673 2088; x_wconf 90' lang='grc' dir='ltr'>ΡΗ</span> <span class='ocrx_word' id='word_1_205' title='bbox 1693 2035 1719 2075; x_wconf 88' lang='lat'>5</span> <span class='ocrx_word' id='word_1_206' title='bbox 1748 2032 1942 2075; x_wconf 87' lang='lat' dir='ltr'>PISCIS</span> 
     </span>
     <span class='ocr_line' id='line_1_29' title="bbox 323 2088 1945 2148; baseline -0.003 -12"><span class='ocrx_word' id='word_1_207' title='bbox 323 2109 381 2136; x_wconf 79' lang='lat' dir='ltr'>ex</span> <span class='ocrx_word' id='word_1_208' title='bbox 400 2095 492 2138; x_wconf 83' lang='lat' dir='ltr'>Cat.</span> <span class='ocrx_word' id='word_1_209' title='bbox 511 2096 661 2135; x_wconf 82' lang='lat' dir='ltr'>addidi</span> <span class='ocrx_word' id='word_1_210' title='bbox 699 2092 704 2148; x_wconf 84' lang='grc' dir='ltr'>Ι</span> <span class='ocrx_word' id='word_1_211' title='bbox 733 2095 758 2134; x_wconf 90' lang='grc'><strong>6</strong></span> <span class='ocrx_word' id='word_1_212' title='bbox 781 2107 925 2134; x_wconf 88' lang='lat' dir='ltr'>urnae</span> <span class='ocrx_word' id='word_1_213' title='bbox 943 2094 985 2133; x_wconf 93' lang='lat' dir='ltr'><em>B</em></span> <span class='ocrx_word' id='word_1_214' title='bbox 1013 2091 1033 2148; x_wconf 97' lang='grc' dir='ltr'>Η</span> <span class='ocrx_word' id='word_1_215' title='bbox 1064 2088 1453 2147; x_wconf 62' lang='grc' dir='ltr'>ΚΑΤΛξΕΑΝΒΙΕΙ</span> <span class='ocrx_word' id='word_1_216' title='bbox 1481 2090 1678 2131; x_wconf 87' lang='lat' dir='ltr'>infuisse</span> <span class='ocrx_word' id='word_1_217' title='bbox 1697 2090 1732 2131; x_wconf 79' lang='lat' dir='ltr'><em>G</em></span> <span class='ocrx_word' id='word_1_218' title='bbox 1750 2103 1867 2131; x_wconf 85' lang='lat' dir='ltr'>corr.</span> <span class='ocrx_word' id='word_1_219' title='bbox 1885 2102 1945 2131; x_wconf 77' lang='lat' dir='ltr'>eae</span> 
     </span>
     <span class='ocr_line' id='line_1_30' title="bbox 326 2146 1944 2204; baseline -0.005 -11"><span class='ocrx_word' id='word_1_220' title='bbox 326 2152 418 2193; x_wconf 80' lang='lat' dir='ltr'>Cat.</span> <span class='ocrx_word' id='word_1_221' title='bbox 451 2150 632 2191; x_wconf 71' lang='lat' dir='ltr'>Soleaub.</span> <span class='ocrx_word' id='word_1_222' title='bbox 673 2148 683 2204; x_wconf 79' lang='lat'><em>1</em></span> <span class='ocrx_word' id='word_1_223' title='bbox 733 2153 757 2192; x_wconf 82' lang='lat'><strong>7</strong></span> <span class='ocrx_word' id='word_1_224' title='bbox 789 2151 837 2190; x_wconf 91' lang='lat' dir='ltr'>in</span> <span class='ocrx_word' id='word_1_225' title='bbox 868 2149 989 2202; x_wconf 85' lang='lat' dir='ltr'>quod</span> <span class='ocrx_word' id='word_1_226' title='bbox 1018 2152 1222 2190; x_wconf 85' lang='lat' dir='ltr'>Derceto</span> <span class='ocrx_word' id='word_1_227' title='bbox 1254 2148 1471 2189; x_wconf 86' lang='lat' dir='ltr'>decidens</span> <span class='ocrx_word' id='word_1_228' title='bbox 1501 2147 1550 2186; x_wconf 89' lang='lat' dir='ltr'>in</span> <span class='ocrx_word' id='word_1_229' title='bbox 1579 2147 1756 2200; x_wconf 85' lang='lat' dir='ltr'>piscem</span> <span class='ocrx_word' id='word_1_230' title='bbox 1779 2146 1944 2199; x_wconf 81' lang='lat' dir='ltr'>partim</span> 
     </span>
     <span class='ocr_line' id='line_1_31' title="bbox 322 2199 1945 2260; baseline -0.005 -12"><span class='ocrx_word' id='word_1_231' title='bbox 322 2211 445 2260; x_wconf 65' lang='lat' dir='ltr'>uulgo</span> <span class='ocrx_word' id='word_1_232' title='bbox 464 2209 625 2260; x_wconf 83' lang='lat' dir='ltr'>partim</span> <span class='ocrx_word' id='word_1_233' title='bbox 640 2206 823 2249; x_wconf 75' lang='lat' dir='ltr'>Schaub.</span> <span class='ocrx_word' id='word_1_234' title='bbox 847 2205 965 2259; x_wconf 89' lang='lat' dir='ltr'>quod</span> <span class='ocrx_word' id='word_1_235' title='bbox 980 2206 1143 2246; x_wconf 82' lang='lat' dir='ltr'>faceus</span> <span class='ocrx_word' id='word_1_236' title='bbox 1161 2206 1196 2245; x_wconf 79' lang='grc' dir='ltr'><em>Ο</em></span> <span class='ocrx_word' id='word_1_237' title='bbox 1213 2202 1232 2258; x_wconf 99' lang='grc' dir='ltr'>Η</span> <span class='ocrx_word' id='word_1_238' title='bbox 1251 2205 1277 2244; x_wconf 89' lang='grc'>8</span> <span class='ocrx_word' id='word_1_239' title='bbox 1296 2217 1431 2257; x_wconf 86' lang='lat' dir='ltr'>quam</span> <span class='ocrx_word' id='word_1_240' title='bbox 1453 2204 1497 2243; x_wconf 93' lang='lat' dir='ltr'><em>V</em></span> <span class='ocrx_word' id='word_1_241' title='bbox 1515 2214 1649 2254; x_wconf 91' lang='lat' dir='ltr'>quem</span> <span class='ocrx_word' id='word_1_242' title='bbox 1671 2202 1706 2242; x_wconf 88' lang='lat' dir='ltr'>G&#39;</span> <span class='ocrx_word' id='word_1_243' title='bbox 1723 2199 1742 2255; x_wconf 99' lang='grc' dir='ltr'>Η</span> <span class='ocrx_word' id='word_1_244' title='bbox 1763 2200 1945 2254; x_wconf 79' lang='lat' dir='ltr'>Syriam</span> 
     </span>
     <span class='ocr_line' id='line_1_32' title="bbox 324 2257 1945 2317; baseline -0.006 -12"><span class='ocrx_word' id='word_1_245' title='bbox 324 2263 459 2304; x_wconf 83' lang='lat' dir='ltr'>deam</span> <span class='ocrx_word' id='word_1_246' title='bbox 489 2265 686 2317; x_wconf 72' lang='lat' dir='ltr'>Heynius</span> <span class='ocrx_word' id='word_1_247' title='bbox 717 2277 775 2304; x_wconf 79' lang='lat' dir='ltr'>ex</span> <span class='ocrx_word' id='word_1_248' title='bbox 810 2263 903 2303; x_wconf 84' lang='lat' dir='ltr'>Cat.</span> <span class='ocrx_word' id='word_1_249' title='bbox 935 2260 1039 2314; x_wconf 85' lang='lat' dir='ltr'>Syri</span> <span class='ocrx_word' id='word_1_250' title='bbox 1071 2262 1203 2302; x_wconf 87' lang='lat' dir='ltr'>deum</span> <span class='ocrx_word' id='word_1_251' title='bbox 1236 2260 1270 2300; x_wconf 79' lang='lat' dir='ltr'><strong><em>G</em></strong></span> <span class='ocrx_word' id='word_1_252' title='bbox 1288 2257 1307 2314; x_wconf 98' lang='grc' dir='ltr'>Η</span> <span class='ocrx_word' id='word_1_253' title='bbox 1329 2262 1381 2300; x_wconf 91' lang='grc'>10</span> <span class='ocrx_word' id='word_1_254' title='bbox 1411 2259 1752 2299; x_wconf 84' lang='lat' dir='ltr'>honorauerunt</span> <span class='ocrx_word' id='word_1_255' title='bbox 1782 2258 1945 2310; x_wconf 78' lang='lat' dir='ltr'>scripsi</span> 
     </span>
     <span class='ocr_line' id='line_1_33' title="bbox 323 2312 1944 2372; baseline -0.006 -11"><span class='ocrx_word' id='word_1_256' title='bbox 323 2320 539 2360; x_wconf 90' lang='lat' dir='ltr'>honorati</span> <span class='ocrx_word' id='word_1_257' title='bbox 561 2323 693 2360; x_wconf 87' lang='lat' dir='ltr'>erunt</span> <span class='ocrx_word' id='word_1_258' title='bbox 713 2320 747 2360; x_wconf 80' lang='lat'><em>0</em></span> <span class='ocrx_word' id='word_1_259' title='bbox 765 2316 785 2372; x_wconf 98' lang='grc' dir='ltr'>Η</span> <span class='ocrx_word' id='word_1_260' title='bbox 807 2333 863 2360; x_wconf 89' lang='lat' dir='ltr'>ea</span> <span class='ocrx_word' id='word_1_261' title='bbox 885 2330 1005 2371; x_wconf 88' lang='lat' dir='ltr'>quae</span> <span class='ocrx_word' id='word_1_262' title='bbox 1027 2317 1068 2357; x_wconf 92' lang='lat' dir='ltr'><em>B</em></span> <span class='ocrx_word' id='word_1_263' title='bbox 1088 2315 1107 2371; x_wconf 99' lang='grc' dir='ltr'>Η</span> <span class='ocrx_word' id='word_1_264' title='bbox 1129 2319 1180 2357; x_wconf 96' lang='grc'>11</span> <span class='ocrx_word' id='word_1_265' title='bbox 1204 2316 1361 2357; x_wconf 85' lang='lat' dir='ltr'>colunt</span> <span class='ocrx_word' id='word_1_266' title='bbox 1378 2326 1540 2355; x_wconf 89' lang='lat' dir='ltr'>aureos</span> <span class='ocrx_word' id='word_1_267' title='bbox 1556 2315 1646 2355; x_wconf 83' lang='lat' dir='ltr'>scri</span> <span class='ocrx_word' id='word_1_268' title='bbox 1674 2314 1715 2354; x_wconf 86' lang='lat' dir='ltr'>si</span> <span class='ocrx_word' id='word_1_269' title='bbox 1731 2312 1944 2353; x_wconf 85' lang='lat' dir='ltr'>coluntur</span> 
     </span>
     <span class='ocr_line' id='line_1_34' title="bbox 325 2367 1944 2430; baseline -0.006 -12"><span class='ocrx_word' id='word_1_270' title='bbox 325 2389 403 2418; x_wconf 87' lang='lat' dir='ltr'>eos</span> <span class='ocrx_word' id='word_1_271' title='bbox 427 2376 460 2417; x_wconf 85' lang='lat' dir='ltr'><em>C</em></span> <span class='ocrx_word' id='word_1_272' title='bbox 487 2373 507 2430; x_wconf 99' lang='grc' dir='ltr'>Η</span> <span class='ocrx_word' id='word_1_273' title='bbox 545 2377 596 2417; x_wconf 85' lang='grc'>12</span> <span class='ocrx_word' id='word_1_274' title='bbox 619 2379 809 2417; x_wconf 88' lang='lat' dir='ltr'>sacrant</span> <span class='ocrx_word' id='word_1_275' title='bbox 830 2377 878 2415; x_wconf 88' lang='lat' dir='ltr'>in</span> <span class='ocrx_word' id='word_1_276' title='bbox 898 2376 1054 2427; x_wconf 80' lang='lat' dir='ltr'>scripsi</span> <span class='ocrx_word' id='word_1_277' title='bbox 1082 2373 1310 2415; x_wconf 76' lang='lat' dir='ltr'>sacrantis</span> <span class='ocrx_word' id='word_1_278' title='bbox 1332 2371 1365 2412; x_wconf 81' lang='lat' dir='ltr'><strong><em>G</em></strong></span> <span class='ocrx_word' id='word_1_279' title='bbox 1385 2369 1405 2425; x_wconf 99' lang='grc' dir='ltr'>Η</span> <span class='ocrx_word' id='word_1_280' title='bbox 1424 2370 1557 2411; x_wconf 92' lang='lat' dir='ltr'>XXII</span> <span class='ocrx_word' id='word_1_281' title='bbox 1578 2367 1643 2423; x_wconf 72' lang='lat' dir='ltr'>Pl</span> <span class='ocrx_word' id='word_1_282' title='bbox 1679 2370 1730 2410; x_wconf 88' lang='grc'>13</span> <span class='ocrx_word' id='word_1_283' title='bbox 1751 2368 1868 2409; x_wconf 89' lang='lat' dir='ltr'>haec</span> <span class='ocrx_word' id='word_1_284' title='bbox 1890 2389 1944 2397; x_wconf 93' lang='lat'>—-</span> 
     </span>
     <span class='ocr_line' id='line_1_35' title="bbox 324 2421 1944 2486; baseline -0.006 -13"><span class='ocrx_word' id='word_1_285' title='bbox 324 2431 621 2486; x_wconf 83' lang='lat' dir='ltr'>appellantur</span> <span class='ocrx_word' id='word_1_286' title='bbox 641 2434 724 2474; x_wconf 84' lang='lat' dir='ltr'>dcl.</span> <span class='ocrx_word' id='word_1_287' title='bbox 747 2431 927 2473; x_wconf 70' lang='lat' dir='ltr'>Schaub.</span> <span class='ocrx_word' id='word_1_288' title='bbox 953 2428 971 2485; x_wconf 98' lang='grc' dir='ltr'>Η</span> <span class='ocrx_word' id='word_1_289' title='bbox 1002 2443 1120 2482; x_wconf 88' lang='lat' dir='ltr'>quae</span> <span class='ocrx_word' id='word_1_290' title='bbox 1142 2429 1305 2483; x_wconf 86' lang='lat' dir='ltr'>planta</span> <span class='ocrx_word' id='word_1_291' title='bbox 1327 2426 1621 2481; x_wconf 81' lang='lat' dir='ltr'>appellantur</span> <span class='ocrx_word' id='word_1_292' title='bbox 1644 2425 1816 2467; x_wconf 75' lang='lat' dir='ltr'>Grotius</span> <span class='ocrx_word' id='word_1_293' title='bbox 1841 2421 1862 2478; x_wconf 95' lang='grc' dir='ltr'>Η</span> <span class='ocrx_word' id='word_1_294' title='bbox 1891 2425 1944 2465; x_wconf 87' lang='grc'>15</span> 
     </span>
     <span class='ocr_line' id='line_1_36' title="bbox 323 2478 1944 2542; baseline -0.006 -13"><span class='ocrx_word' id='word_1_295' title='bbox 323 2489 387 2529; x_wconf 86' lang='lat' dir='ltr'>dii</span> <span class='ocrx_word' id='word_1_296' title='bbox 423 2490 471 2529; x_wconf 94' lang='lat' dir='ltr'><em>V</em></span> <span class='ocrx_word' id='word_1_297' title='bbox 493 2488 586 2530; x_wconf 83' lang='lat' dir='ltr'>diei</span> <span class='ocrx_word' id='word_1_298' title='bbox 618 2489 651 2530; x_wconf 82' lang='lat'><em>0</em></span> <span class='ocrx_word' id='word_1_299' title='bbox 686 2486 704 2542; x_wconf 97' lang='grc' dir='ltr'>Η</span> <span class='ocrx_word' id='word_1_300' title='bbox 742 2502 843 2529; x_wconf 89' lang='lat' dir='ltr'>cum</span> <span class='ocrx_word' id='word_1_301' title='bbox 872 2488 1152 2528; x_wconf 88' lang='lat' dir='ltr'>iurationem</span> <span class='ocrx_word' id='word_1_302' title='bbox 1181 2487 1223 2526; x_wconf 87' lang='lat' dir='ltr'><em>P</em></span> <span class='ocrx_word' id='word_1_303' title='bbox 1249 2482 1268 2540; x_wconf 98' lang='grc' dir='ltr'>Η</span> <span class='ocrx_word' id='word_1_304' title='bbox 1301 2485 1427 2526; x_wconf 84' lang='lat' dir='ltr'>fecer</span> <span class='ocrx_word' id='word_1_305' title='bbox 1456 2482 1499 2522; x_wconf 93' lang='lat' dir='ltr'><em>B</em></span> <span class='ocrx_word' id='word_1_306' title='bbox 1519 2479 1543 2536; x_wconf 92' lang='grc' dir='ltr'>Η</span> <span class='ocrx_word' id='word_1_307' title='bbox 1561 2484 1612 2523; x_wconf 87' lang='grc'>16</span> <span class='ocrx_word' id='word_1_308' title='bbox 1644 2478 1944 2532; x_wconf 77' lang='grc' dir='ltr'>ἐετράτευεεν</span> 
     </span>
     <span class='ocr_line' id='line_1_37' title="bbox 325 2535 1940 2601; baseline -0.007 -15"><span class='ocrx_word' id='word_1_309' title='bbox 325 2545 487 2586; x_wconf 80' lang='lat' dir='ltr'>Catast.</span> <span class='ocrx_word' id='word_1_310' title='bbox 521 2545 609 2586; x_wconf 83' lang='lat' dir='ltr'>feit</span> <span class='ocrx_word' id='word_1_311' title='bbox 638 2546 679 2585; x_wconf 93' lang='lat' dir='ltr'><em>P</em></span> <span class='ocrx_word' id='word_1_312' title='bbox 709 2545 825 2586; x_wconf 84' lang='lat' dir='ltr'>fecit</span> <span class='ocrx_word' id='word_1_313' title='bbox 853 2544 896 2597; x_wconf 85' lang='lat' dir='ltr'><em>B</em></span> <span class='ocrx_word' id='word_1_314' title='bbox 926 2543 1099 2586; x_wconf 88' lang='lat' dir='ltr'>bellum</span> <span class='ocrx_word' id='word_1_315' title='bbox 1128 2543 1244 2584; x_wconf 88' lang='lat' dir='ltr'>fecit</span> <span class='ocrx_word' id='word_1_316' title='bbox 1274 2539 1588 2582; x_wconf 71' lang='lat' dir='ltr'>Schaubachius</span> <span class='ocrx_word' id='word_1_317' title='bbox 1621 2535 1640 2591; x_wconf 98' lang='grc' dir='ltr'>Η</span> <span class='ocrx_word' id='word_1_318' title='bbox 1677 2538 1729 2578; x_wconf 88' lang='grc'>18</span> <span class='ocrx_word' id='word_1_319' title='bbox 1759 2536 1808 2576; x_wconf 90' lang='lat' dir='ltr'>in</span> <span class='ocrx_word' id='word_1_320' title='bbox 1838 2537 1940 2601; x_wconf 67' lang='lat' dir='ltr'><strong><em>qdd.</em></strong></span> 
     </span>
     <span class='ocr_line' id='line_1_38' title="bbox 316 2591 1944 2655; baseline -0.006 -14"><span class='ocrx_word' id='word_1_321' title='bbox 316 2615 390 2653; x_wconf 82' lang='lat' dir='ltr'>pr.</span> <span class='ocrx_word' id='word_1_322' title='bbox 414 2615 466 2641; x_wconf 88' lang='lat' dir='ltr'>m.</span> <span class='ocrx_word' id='word_1_323' title='bbox 490 2603 534 2642; x_wconf 84' lang='lat' dir='ltr'>in</span> <span class='ocrx_word' id='word_1_324' title='bbox 549 2602 591 2641; x_wconf 93' lang='lat' dir='ltr'><em>P</em></span> <span class='ocrx_word' id='word_1_325' title='bbox 608 2598 627 2655; x_wconf 97' lang='grc' dir='ltr'>Η</span> <span class='ocrx_word' id='word_1_326' title='bbox 648 2601 730 2642; x_wconf 86' lang='lat' dir='ltr'>sed</span> <span class='ocrx_word' id='word_1_327' title='bbox 743 2597 890 2642; x_wconf 83' lang='lat' dir='ltr'>deleui</span> <span class='ocrx_word' id='word_1_328' title='bbox 906 2598 929 2655; x_wconf 89' lang='grc' dir='ltr'>Η</span> <span class='ocrx_word' id='word_1_329' title='bbox 950 2602 1001 2641; x_wconf 88' lang='grc'>19</span> <span class='ocrx_word' id='word_1_330' title='bbox 1024 2601 1178 2653; x_wconf 88' lang='lat' dir='ltr'>quinq.</span> <span class='ocrx_word' id='word_1_331' title='bbox 1199 2597 1397 2639; x_wconf 84' lang='lat' dir='ltr'>malibus</span> <span class='ocrx_word' id='word_1_332' title='bbox 1413 2597 1454 2636; x_wconf 91' lang='lat' dir='ltr'><em>P</em></span> <span class='ocrx_word' id='word_1_333' title='bbox 1474 2591 1944 2648; x_wconf 85' lang='lat' dir='ltr'>quinqueniunahbus</span> 
     </span>
     <span class='ocr_line' id='line_1_39' title="bbox 322 2647 1944 2711; baseline -0.007 -14"><span class='ocrx_word' id='word_1_334' title='bbox 322 2658 365 2697; x_wconf 87' lang='lat' dir='ltr'><em>B</em></span> <span class='ocrx_word' id='word_1_335' title='bbox 426 2670 593 2699; x_wconf 86' lang='lat' dir='ltr'>cornae</span> <span class='ocrx_word' id='word_1_336' title='bbox 616 2659 639 2698; x_wconf 87' lang='lat' dir='ltr'><em>b</em></span> <span class='ocrx_word' id='word_1_337' title='bbox 659 2654 680 2711; x_wconf 91' lang='grc' dir='ltr'>Η</span> <span class='ocrx_word' id='word_1_338' title='bbox 699 2658 870 2699; x_wconf 84' lang='lat' dir='ltr'>federis</span> <span class='ocrx_word' id='word_1_339' title='bbox 892 2657 925 2697; x_wconf 82' lang='lat' dir='ltr'><em>C</em></span> <span class='ocrx_word' id='word_1_340' title='bbox 945 2653 963 2711; x_wconf 96' lang='grc' dir='ltr'>Η</span> <span class='ocrx_word' id='word_1_341' title='bbox 994 2659 1048 2698; x_wconf 82' lang='lat'>20</span> <span class='ocrx_word' id='word_1_342' title='bbox 1069 2656 1156 2697; x_wconf 90' lang='lat' dir='ltr'>hoc</span> <span class='ocrx_word' id='word_1_343' title='bbox 1177 2655 1336 2708; x_wconf 77' lang='lat' dir='ltr'>Breys.</span> <span class='ocrx_word' id='word_1_344' title='bbox 1362 2664 1471 2706; x_wconf 88' lang='lat' dir='ltr'>quos</span> <span class='ocrx_word' id='word_1_345' title='bbox 1497 2647 1564 2703; x_wconf 83' lang='grc' dir='ltr'>ΟΗ</span> <span class='ocrx_word' id='word_1_346' title='bbox 1593 2650 1750 2690; x_wconf 84' lang='lat' dir='ltr'>futura</span> <span class='ocrx_word' id='word_1_347' title='bbox 1777 2647 1944 2688; x_wconf 81' lang='lat' dir='ltr'>Vfura</span> 
     </span>
     <span class='ocr_line' id='line_1_40' title="bbox 327 2701 1942 2769; baseline -0.007 -16"><span class='ocrx_word' id='word_1_348' title='bbox 327 2713 361 2753; x_wconf 84' lang='lat' dir='ltr'><em>C</em></span> <span class='ocrx_word' id='word_1_349' title='bbox 443 2716 494 2754; x_wconf 83' lang='grc'>21</span> <span class='ocrx_word' id='word_1_350' title='bbox 509 2715 743 2767; x_wconf 82' lang='lat' dir='ltr'>‚simposis</span> <span class='ocrx_word' id='word_1_351' title='bbox 774 2716 816 2755; x_wconf 88' lang='lat' dir='ltr'><em>P</em></span> <span class='ocrx_word' id='word_1_352' title='bbox 843 2714 1069 2767; x_wconf 81' lang='lat' dir='ltr'>symposis</span> <span class='ocrx_word' id='word_1_353' title='bbox 1089 2712 1131 2751; x_wconf 92' lang='lat' dir='ltr'><em>B</em></span> <span class='ocrx_word' id='word_1_354' title='bbox 1158 2708 1177 2765; x_wconf 98' lang='grc' dir='ltr'>Η</span> <span class='ocrx_word' id='word_1_355' title='bbox 1205 2710 1536 2761; x_wconf 86' lang='lat' dir='ltr'>domibusquae</span> <span class='ocrx_word' id='word_1_356' title='bbox 1556 2705 1600 2745; x_wconf 91' lang='lat' dir='ltr'><em>B</em></span> <span class='ocrx_word' id='word_1_357' title='bbox 1635 2701 1657 2758; x_wconf 83' lang='grc' dir='ltr'>Ι]</span> <span class='ocrx_word' id='word_1_358' title='bbox 1698 2715 1942 2769; x_wconf 58' lang='lat' dir='ltr'>consacra-</span> 
     </span>
     <span class='ocr_line' id='line_1_41' title="bbox 322 2761 1943 2824; baseline -0.006 -15"><span class='ocrx_word' id='word_1_359' title='bbox 322 2774 430 2809; x_wconf 86' lang='lat' dir='ltr'>runt</span> <span class='ocrx_word' id='word_1_360' title='bbox 465 2770 509 2810; x_wconf 90' lang='lat' dir='ltr'><em>B</em></span> <span class='ocrx_word' id='word_1_361' title='bbox 549 2767 568 2824; x_wconf 98' lang='grc' dir='ltr'>Η</span> <span class='ocrx_word' id='word_1_362' title='bbox 607 2772 661 2810; x_wconf 83' lang='grc'>22</span> <span class='ocrx_word' id='word_1_363' title='bbox 702 2772 865 2811; x_wconf 86' lang='lat' dir='ltr'>auasin</span> <span class='ocrx_word' id='word_1_364' title='bbox 904 2771 947 2810; x_wconf 94' lang='lat' dir='ltr'><em>B</em></span> <span class='ocrx_word' id='word_1_365' title='bbox 987 2767 1007 2824; x_wconf 98' lang='grc' dir='ltr'>Η</span> <span class='ocrx_word' id='word_1_366' title='bbox 1054 2768 1211 2822; x_wconf 73' lang='lat' dir='ltr'>Brcys.</span> <span class='ocrx_word' id='word_1_367' title='bbox 1252 2780 1310 2809; x_wconf 77' lang='lat' dir='ltr'>ex</span> <span class='ocrx_word' id='word_1_368' title='bbox 1348 2766 1504 2806; x_wconf 74' lang='lat' dir='ltr'>scholio</span> <span class='ocrx_word' id='word_1_369' title='bbox 1547 2762 1726 2815; x_wconf 83' lang='lat' dir='ltr'>quodam</span> <span class='ocrx_word' id='word_1_370' title='bbox 1763 2761 1943 2800; x_wconf 72' lang='lat' dir='ltr'>Arateis</span> 
     </span>
     <span class='ocr_line' id='line_1_42' title="bbox 323 2817 1938 2872; baseline -0.004 -8"><span class='ocrx_word' id='word_1_371' title='bbox 323 2825 495 2866; x_wconf 81' lang='lat' dir='ltr'>Latinis</span> <span class='ocrx_word' id='word_1_372' title='bbox 525 2828 570 2867; x_wconf 84' lang='lat' dir='ltr'>in</span> <span class='ocrx_word' id='word_1_373' title='bbox 600 2828 815 2868; x_wconf 82' lang='lat' dir='ltr'>codicibus</span> <span class='ocrx_word' id='word_1_374' title='bbox 844 2827 990 2868; x_wconf 82' lang='lat' dir='ltr'>Paris.</span> <span class='ocrx_word' id='word_1_375' title='bbox 1015 2832 1068 2866; x_wconf 76' lang='lat' dir='ltr'>et</span> <span class='ocrx_word' id='word_1_376' title='bbox 1086 2824 1230 2868; x_wconf 79' lang='lat' dir='ltr'>Bruoe.</span> <span class='ocrx_word' id='word_1_377' title='bbox 1263 2823 1412 2864; x_wconf 85' lang='lat' dir='ltr'>addito</span> <span class='ocrx_word' id='word_1_378' title='bbox 1441 2818 1545 2872; x_wconf 78' lang='lat' dir='ltr'>(uid.</span> <span class='ocrx_word' id='word_1_379' title='bbox 1573 2829 1727 2870; x_wconf 63' lang='lat' dir='ltr'>progr.</span> <span class='ocrx_word' id='word_1_380' title='bbox 1748 2817 1938 2858; x_wconf 86' lang='lat' dir='ltr'>Posnan.</span> 
     </span>
     <span class='ocr_line' id='line_1_43' title="bbox 325 2874 1942 2936; baseline -0.006 -14"><span class='ocrx_word' id='word_1_381' title='bbox 325 2882 438 2922; x_wconf 81' lang='lat'><em>1865</em></span> <span class='ocrx_word' id='word_1_382' title='bbox 463 2896 511 2934; x_wconf 80' lang='lat' dir='ltr'>p.</span> <span class='ocrx_word' id='word_1_383' title='bbox 533 2882 606 2936; x_wconf 84' lang='lat'>10)</span> <span class='ocrx_word' id='word_1_384' title='bbox 635 2883 697 2924; x_wconf 81' lang='lat' dir='ltr'>ita</span> <span class='ocrx_word' id='word_1_385' title='bbox 721 2889 851 2925; x_wconf 82' lang='lat' dir='ltr'>totum</span> <span class='ocrx_word' id='word_1_386' title='bbox 870 2886 1001 2925; x_wconf 83' lang='lat' dir='ltr'>locum</span> <span class='ocrx_word' id='word_1_387' title='bbox 1022 2881 1245 2924; x_wconf 80' lang='lat' dir='ltr'>restitebat</span> <span class='ocrx_word' id='word_1_388' title='bbox 1275 2877 1395 2933; x_wconf 81' lang='lat' dir='ltr'>quod</span> <span class='ocrx_word' id='word_1_389' title='bbox 1415 2874 1662 2918; x_wconf 85' lang='lat' dir='ltr'>memoriae</span> <span class='ocrx_word' id='word_1_390' title='bbox 1687 2885 1828 2915; x_wconf 81' lang='lat' dir='ltr'>causa</span> <span class='ocrx_word' id='word_1_391' title='bbox 1849 2883 1942 2913; x_wconf 90' lang='lat' dir='ltr'>non</span> 
     </span>
    </p>
   </div>
   <div class='ocr_carea' id='block_1_8' title="bbox 385 2654 394 2767">
    <p class='ocr_par' dir='ltr' id='par_1_16' title="bbox 385 2654 394 2767">
     <span class='ocr_line' id='line_1_44' title="bbox 385 2654 394 2767; baseline 0 463"><span class='ocrx_word' id='word_1_392' title='bbox 385 2654 394 2767; x_wconf 95' lang='lat' dir='ltr'> </span> 
     </span>
    </p>
   </div>
   <div class='ocr_carea' id='block_1_9' title="bbox 395 2654 405 2768">
    <p class='ocr_par' dir='ltr' id='par_1_17' title="bbox 395 2654 405 2768">
     <span class='ocr_line' id='line_1_45' title="bbox 395 2654 405 2768; baseline 0 462"><span class='ocrx_word' id='word_1_393' title='bbox 395 2654 405 2768; x_wconf 95' lang='lat' dir='ltr'> </span> 
     </span>
    </p>
   </div>
  </div>
 </body>
</html>
