1982 3230
620 40 621 45 ¹
692 48 693 52 ’
735 71 923 115 LIBER
953 43 1047 114 1111
1577 69 1679 123 115

72 216 276 268 alicuius
302 218 430 267 enim
456 217 529 270 rei
555 213 740 264 scibilis
765 215 967 264 scientia
994 220 1083 270 est,
1110 215 1161 262 in
1189 214 1515 263 conuersione
1541 212 1588 262 id
1617 214 1675 263 ad

72 288 203 354 quod
248 287 462 338 refertur
510 300 677 335 casum
724 292 891 334 mutat.
969 301 1080 334 nam
1126 300 1223 349 quo
1274 284 1422 333 modo
1469 284 1677 334 dicimus

73 358 308 409 ‘scientia
341 355 521 406 scibiiis
556 357 629 406 rei
663 361 764 405 est'
812 371 910 404 non
948 370 1211 419 possumus
1255 355 1420 405 dicere
1465 354 1677 404 ‘scibilis

29 476 42 493 s*
71 445 153 481 res
194 429 424 479 scientiae
461 429 560 476 est'
603 426 686 476 sed
726 428 742 452 ‘
764 425 946 475 scibilis
983 441 1065 475 res
1103 427 1304 474 scientia
1344 424 1525 475 scibilis
1554 429 1674 476 est'.

15 502 186 555 ,5110111
213 513 384 549 sensus
408 499 480 547 rei
509 497 713 547 alicuius
747 496 991 546 sensibilis
1027 511 1200 545 sensus
1228 502 1323 552 est,
1362 504 1531 546 contra
1565 511 1674 548 sen,-

70 570 222 625 sibilis
255 584 336 619 res
371 583 518 619 sensu
557 567 840 634 <sensibilis
876 575 964 616 est.
1040 566 1163 616 haec
1190 581 1308 629 ergo
1336 581 1433 614 non
1472 575 1525 616 ut
1552 582 1675 631 quae

68 655 215 705 supra
243 639 367 689 dicta
396 646 509 690 sunt
534 641 743 689 seruatis
771 638 954 688 eisdem
991 637 1184 687 casibus
1212 638 1296 686 sed
1332 639 1529 686 mutatis
1558 653 1673 687 con·
1698 667 1830 709 112&

66 716 341 763 uertuntur.
419 710 659 775 quaedam
697 708 900 759 relatiua
928 709 1019 764 his,
1049 708 1109 758 ad
1136 724 1260 772 quae
1298 708 1597 765 referuntur,
1627 715 1676 758 et

66 785 365 845 intempore
402 781 706 830 concordant
743 795 896 845 eaque
935 778 1081 828 simul
1110 795 1215 828 esse
1254 780 1492 842 incipiunt
1530 779 1675 829 simul

5 862 50 906 10
68 852 308 906 desinunt,
339 858 393 901 111
417 867 592 902 seruus
622 866 728 901 esse
756 866 855 899 11011
882 856 1044 914 potest
1071 851 1161 898 nisi
1184 866 1294 899 cum
1318 865 1426 900 esse
1455 851 1676 913 coeperit

66 923 292 973 dominus
318 930 365 972 et
392 938 502 972 cum
531 923 760 972 dominus
788 936 894 971 esse
922 922 1123 970 desierit
1148 935 1326 970 seruus
1353 936 1459 970 esse
1479 921 1672 977 desinit,

66 1001 115 1044 et
146 995 262 1043 item
290 994 517 1042 dominus
544 1009 654 1042 cum
694 1008 892 1043 seruum
930 1007 1028 1040 11011
1069 991 1297 1042 habuerit
1323 992 1551 1041 dominus
1577 992 1675 1041 dici

67 1079 164 1113 non
191 1071 365 1128 potest.
442 1071 491 1112 at
517 1079 638 1112 uero
666 1062 917 1113 noscibilis
953 1078 1033 1112 res
1059 1064 1196 1127 prior
1224 1069 1297 1112 051
1322 1070 1498 1112 natura
1526 1078 1673 1127 quam

67 1136 216 1184 notio.
291 1150 404 1183 nam
432 1136 471 1183 si
506 1133 755 1184 noscibilia
787 1133 926 1182 tollas
953 1135 1087 1183 notio
1123 1149 1224 1182 non
1252 1134 1369 1190 erit,
1409 1140 1456 1182 at
1483 1148 1604 1183 uero
1631 1136 1672 1183 si

3 1215 44 1249 15
67 1206 316 1255 notionem
365 1204 505 1254 tollas
550 1211 708 1269 potest
741 1204 927 1269 aliquid
974 1220 1082 1254 esse
1126 1203 1366 1254 noscibile
1384 1243 1394 1258 ‚
1448 1206 1672 1268 quamuis

66 1276 191 1326 desit
223 1275 304 1325 ille
326 1279 410 1341 qui
437 1277 590 1325 nouit.
640 1275 845 1324 relatiua
882 1281 1088 1338 possunt
1121 1275 1342 1341 habere>
1369 1277 1670 1324 contrarium

62 1347 151 1396 sed
187 1362 286 1395 non
325 1348 502 1395 omnia.
580 1361 791 1410 namque
836 1347 1123 1394 inscientiae
1160 1347 1357 1395 scientia
1407 1347 1670 1402 contraria,

63 1418 304 1466 amicitiae
329 1417 598 1474 inimicitia,
629 1422 676 1466 at
702 1431 823 1466 uero
852 1415 1000 1480 duplo
1030 1415 1146 1465 nihil
1176 1417 1479 1465 contrarium
1508 1432 1672 1482 neque

63 1489 235 1537 maiori
263 1487 343 1537 uel
367 1488 575 1537 minori:
620 1503 743 1552 quae
772 1488 992 1551 quisquis
1023 1484 1153 1556 [ista]
1187 1489 1431 1536 contraria
1461 1495 1671 1552 putaue-

0 1569 41 1618 2⁰
62 1560 143 1615 rit,
171 1560 363 1622 cogitur
390 1559 613 1608 confiteri
641 1573 786 1607 unam
816 1558 1121 1621 eandemque
1156 1573 1262 1607 rem
1290 1573 1390 1607 uno
1413 1564 1559 1624 atque
1587 1575 1669 1607 00-

62 1629 173 1679 dem
200 1636 424 1694 tempore
447 1644 592 1692 posse
619 1629 713 1678 sibi
741 1643 846 1678 esse
873 1631 1186 1678 contrariam.
1228 1630 1266 1678 si
1287 1629 1485 1692 quidem
1514 1630 1672 1678 maior

62 1700 241 1751 minori
267 1706 579 1764 comparatus
605 1701 761 1749 maior
789 1705 863 1748 est
899 1700 1126 1763 idemque
1153 1701 1328 1748 maiori
1356 1705 1672 1764 comparatus

62 1771 222 1820 minor
249 1778 323 1820 est
346 1786 445 1820 uno
473 1778 619 1833 atque
647 1770 818 1819 eodem
845 1775 1085 1834 tempore,
1109 1771 1238 1834 quod
1268 1772 1527 1819 contrariis
1555 1786 1670 1820 eue-

62 1842 170 1889 nire
197 1841 329 1889 nullo
357 1841 503 1890 modo
530 1846 706 1904 potest.
785 1855 896 1889 nam
926 1856 1023 1904 quo
1049 1846 1273 1905 tempore
1299 1841 1446 1890 homo
1474 1841 1670 1899 stultus,

3 1922 39 1956 15
63 1925 162 1960 11011
194 1911 365 1960 eodem
399 1917 624 1975 tempore
659 1912 853 1975 sapiens
880 1927 987 1961 esse
1012 1917 1196 1975 potest,
1232 1926 1394 1976 neque
1421 1926 1518 1975 quo
1544 1917 1670 1962 tem-

32 1995 183 2045 ⁴pore
220 1981 359 2032 albus
386 1988 483 2038 est,
523 1982 694 2031 eodem
733 1988 954 2046 tempore
991 1984 1131 2046 niger
1159 1998 1266 2032 esse
1301 1988 1488 2047 potest:
1536 1984 1668 2047 quod

62 2053 175 2117 quia
204 2054 404 2102 euenire
431 2067 531 2102 non
559 2067 704 2117 posse
731 2054 781 2101 in
818 2054 1003 2102 maiore
1032 2060 1079 2102 et
1115 2055 1306 2102 minore
1344 2053 1664 2111 ostendimus,

61 2122 301 2173 fateamur
319 2138 522 2173 necesse
550 2130 623 2173 est
646 2125 805 2174 maius
833 2131 880 2173 et
900 2125 1062 2173 minus
1087 2139 1187 2172 11011
1215 2139 1320 2173 0550
1349 2126 1666 2174 contrarium.

58 2193 175 2243 item
203 2193 405 2259 duplum
441 2194 618 2258 simplo
655 2209 754 2243 non
794 2209 900 2244 esse
938 2196 1265 2256 contrarium,
1307 2197 1536 2260 quoniam
1572 2196 1669 2247 hoc

8 2275 40 2311 10
60 2263 191 2314 idem
218 2264 420 2329 duplum
447 2271 612 2330 potest
637 2281 746 2315 esse
772 2265 831 2314 ad
860 2265 1041 2330 aliquid
1068 2265 1313 2330 simplum.
1390 2282 1490 2315 non
1518 2268 1668 2329 igitur

60 2336 220 2384 omnia
256 2334 461 2385 relatiua
487 2343 694 2400 possunt
726 2334 913 2386 habere
957 2338 1276 2387 contrarium.
1354 2337 1468 2386 item
1509 2339 1667 2386 maius

61 2410 108 2456 et
132 2406 295 2454 minus
321 2406 559 2470 quaedam
594 2408 863 2470 recipiunt,
894 2407 1134 2470 quaedam
1169 2422 1285 2456 non.
1359 2421 1473 2456 nam
1509 2409 1668 2470 magis

58 2474 139 2525 hic
164 2477 350 2525 amicus
375 2475 458 2525 illo
486 2482 572 2534 est,
600 2477 696 2526 hoc
721 2479 876 2541 magis
904 2477 1108 2542 duplum
1135 2477 1218 2527 illo
1255 2476 1404 2542 duplo
1431 2492 1539 2527 esse
1567 2493 1667 2527 non

58 2552 220 2611 potest
240 2552 519 2611 propterea,
536 2548 649 2613 quia
670 2548 710 2596 si
730 2547 931 2611 duplum
955 2554 1041 2605 est,
1064 2550 1127 2598 ita
1142 2547 1343 2615 duplum
1367 2554 1454 2604 est,
1480 2547 1667 2613 utplus

62 2743 89 2784 7
116 2741 294 2785 hisdem
322 2744 364 2784 B
421 2741 440 2799 ΙΙ
499 2746 552 2786 10
588 2758 670 2796 pro
704 2757 804 2784 cum
844 2745 907 2785 bis
940 2748 993 2785 co
1024 2745 1067 2784 B
1121 2743 1141 2799 Η
1203 2746 1254 2786 15
1293 2747 1505 2786 notiones
1540 2747 1581 2786 D

66 2799 118 2840 19
144 2801 304 2852 quisR
350 2797 369 2855 Η
417 2801 508 2842 ista.
538 2802 676 2842 deleui
723 2798 741 2855 Η
789 2802 840 2841 21
875 2802 1155 2842 contrariam
1176 2815 1204 2854 p
1244 2803 1476 2843 contraria
1499 2802 1579 2843 BR

173 2690 198 2728 2
230 2659 478 2740 quomodo
500 2688 550 2728 br
567 2687 687 2740 quod
707 2687 788 2728 BR
840 2684 860 2742 Η
906 2691 932 2730 6
963 2701 1037 2730 res
1058 2702 1134 2729 om.
1155 2688 1198 2729 B
1250 2685 1272 2742 1}
1323 2701 1483 2730 sensus
1504 2689 1588 2730 BR
1626 2686 1650 2857 Η

62 2855 118 2895 26
147 2860 301 2909 posset
320 2856 419 2898 B¹R
466 2854 487 2912 Η
534 2859 589 2899 29
619 2859 727 2898 item
759 2859 922 2910 scripsi
950 2859 1017 2899 ita
1037 2857 1119 2899 BR
1156 2855 1175 2910 ΙΙ

1253 2927 1326 2979 8*

1706 726 1788 766 376

1703 1281 1787 1321 377

1885 723 1982 757 ᾖ,
