1982 3230
11 0 213 110 ζ..
614 24 617 28 ,
1366 25 1392 37 ,,

715 97 902 140 ΜΒΕΒ
931 99 972 140 v
1554 95 1654 149 173

43 242 176 292 dicas
212 241 369 292 ‘tenui
404 255 578 290 seruos
614 243 791 295 meos’‚
839 244 923 288 aut
957 238 1236 304 pyrrichius
1271 252 1364 302 pro
1401 237 1563 288 iambo
1599 247 1652 287 ut

45 311 237 363 ‘consul
263 311 431 362 uidet'.
507 315 555 359 at
580 309 711 359 bona
737 308 955 359 clausula
979 317 1053 358 est
1080 326 1135 358 ex
1164 308 1328 358 iambo
1357 315 1405 359 et
1430 309 1649 375 spondeo

48 382 130 434 uel
154 381 325 432 ultimo
362 380 596 430 trochaeo
623 386 677 430 ιιι
713 381 863 444 siquis
891 379 1020 430 dicat
1046 380 1223 443 ‘patria
1249 381 1467 430 continet
1491 379 1651 429 bonos

43 454 196 502 ciues'
230 452 311 502 uel
339 457 525 500 asserat
560 457 708 516 caput
741 449 899 514 legis’.
978 450 1252 499 cauendum
1289 457 1362 499 est
1388 456 1553 500 autem
1588 466 1649 500 nc

0 540 22 574 5
43 530 127 573 aut
151 523 249 572 duo
275 521 424 571 iambi
450 528 534 571 aut
567 521 760 570 iambus
788 528 835 570 et
870 520 1148 585 pyrrichius
1176 520 1224 568 in
1251 520 1347 570 fine
1384 529 1647 585 ponantur,

46 600 99 643 ut
141 593 291 658 siquis
328 591 457 641 dicat
495 595 738 656 ‘pugnare
783 592 986 640 iuuenes
1032 605 1121 654 pro
1167 590 1453 654 parentibus
1507 593 1647 640 suis’.

41 662 316 713 cauendum
354 663 498 711 etiam
527 678 589 711 ne
625 661 906 727 pyrrichius
933 666 1044 725 post
1067 660 1374 726 pyrrichium
1410 662 1576 710 ueniat
1603 670 1650 711 et

40 738 269 798 quattuor
310 732 490 782 breues
524 733 669 781 faciat
694 739 747 782 ut
783 732 934 796 siquis
962 731 1092 780 dicat
1118 731 1334 795 ‘perdidi
1361 731 1492 781 bona
1518 734 1649 781 mea'

40 810 122 853 aut
158 810 270 867 post
314 803 620 868 pyrrichium
670 802 934 852 trochaeus
981 802 1295 866 spondeusue
1335 810 1388 851 ut
1433 804 1473 851 si
1519 802 1650 853 dicas

0 893 20 925 o
40 874 379 938 econqueritur
415 889 502 923 sua
530 874 675 923 facta'
704 879 788 922 aut
814 874 1045 937 ‘imputat
1081 872 1174 921 sibi
1210 872 1489 939 demens'.>
1564 874 1649 923 sed

41 949 89 994 et
122 944 386 994 trochaeus
423 952 472 994 et
515 943 704 993 iambus
741 943 820 993 uel
866 958 958 1007 pro
1002 943 1167 992 iambo
1204 950 1316 1008 post
1359 944 1649 994 trochaeum

38 1014 317 1080 pyrrichius
343 1014 526 1064 malam
549 1013 817 1063 clausulam
846 1014 1045 1063 faciunt..
1097 1014 1192 1062 hoc
1220 1015 1346 1063 enim
1375 1015 1524 1064 finem
1553 1015 1648 1065 ele-

39 1085 161 1149 giaci
186 1087 479 1149 pentametri
506 1087 719 1148 turpiter
746 1084 924 1133 reddit.
966 1084 1082 1149 quid
1105 1085 1233 1133 enim
1260 1086 1463 1134 interest
1482 1092 1650 1135 utrum

41 1155 177 1204 dicas
214 1156 398 1204 ‘omnia
438 1170 615 1219 nempe
661 1154 820 1204 uides'
851 1167 926 1203 'an
964 1170 1086 1204 uero
1123 1155 1256 1204 dicas
1293 1157 1477 1219 ‘aspice
1523 1156 1650 1206 sacta

0 1233 186 1276 5mea'.
259 1225 386 1275 bene
422 1231 584 1275 autem
622 1232 873 1289 ponuntur
920 1225 999 1274 uel
1037 1226 1134 1274 duo
1171 1225 1392 1274 trochaei
1430 1225 1510 1274 uel
1548 1233 1648 1275 tro·

40 1295 221 1345 chaeus
249 1301 296 1345 et
322 1295 572 1359 spondeus
609 1297 659 1343 in
698 1295 795 1344 fine
822 1294 1067 1344 clausulae
1094 1302 1147 1344 ιιι
1173 1296 1326 1358 siquis
1353 1296 1482 1344 dicat
1508 1297 1650 1346 ‘haec

39 1372 114 1415 est
151 1365 396 1415 honorum
433 1367 615 1415 ciuium
653 1381 827 1429 magna
865 1369 1003 1414 cura'
1042 1371 1125 1415 aut
1162 1365 1305 1414 ehaec
1344 1373 1482 1423 sunt,
1522 1382 1648 1431 quae

38 1436 233 1485 maximi
258 1436 506 1500 principes
532 1436 634 1485 sola
663 1438 876 1485 curant'.

178 1506 462 1572 Trisyllabis
500 1505 767 1556 clausulam
794 1506 1175 1556 terminantibus
1202 1506 1278 1556 lex
1307 1514 1403 1563 est,
1433 1509 1472 1556 si
1500 1508 1646 1557 modo

0 1593 16 1627 ο
39 1591 145 1626 eam
171 1576 295 1626 uelis
321 1576 532 1627 molliter
553 1577 722 1634 ssuere,
751 1583 804 1626 ιιι
824 1577 1058 1626 trochaeo
1084 1577 1415 1642 praecedente
1442 1578 1646 1642 paenul-

36 1648 155 1696 timo
182 1646 427 1697 molossus
463 1647 812 1712 subsequatur,
850 1649 961 1697 siue
986 1646 1185 1711 longam
1222 1647 1403 1698 habeat
1440 1650 1647 1697 nouissi-

36 1712 166 1766 mam
210 1717 445 1782 syllabam
491 1720 595 1768 siue
641 1718 845 1767 breuem
895 1719 1001 1767 iure
1045 1719 1274 1774 metrico,
1320 1725 1375 1767 ut
1417 1718 1536 1768 illud
1576 1729 1646 1768 est

35 1786 180 1836 Tullii
205 1789 362 1837 ‘mare
388 1788 738 1838 fluctuantibus
763 1787 878 1837 litus
905 1789 1109 1837 eiectis'.
1159 1789 1211 1836 fit
1237 1794 1400 1839 autem
1429 1791 1647 1852 pessima

37 1857 255 1907 clausula
282 1859 324 1908 si
359 1873 451 1922 pro
480 1859 712 1908 trochaeo
742 1856 1044 1922 paenultimo
1079 1859 1354 1922 spondeum
1392 1859 1647 1923 praeloca-

0 1929 183 1984 sueriS,
211 1933 267 1976 ut
291 1929 331 1977 si
359 1929 492 1978 dicas
527 1933 684 1978 ‘mare
710 1928 1059 1978 fluctuantibus
1087 1944 1236 1994 rupes
1264 1931 1466 1980 eiectis'.
1531 1932 1645 1980 item

36 1999 248 2062 pessima
276 1999 317 2048 si
342 2014 432 2062 pro
460 1999 695 2048 trochaeo
716 1999 1015 2064 pyrrichium
1038 2001 1354 2063 praemiseris
1380 2008 1433 2050 ut
1453 2002 1493 2050 si
1515 2002 1647 2051 dicas
1703 2007 1710 2016 “

38 2069 196 2118 emare
231 2069 580 2119 fluctuantibus
615 2084 738 2133 apex
775 2071 982 2119 eiectis'.
1058 2072 1174 2118 item
1211 2072 1384 2120 uitiosa
1422 2078 1496 2120 est
1530 2087 1646 2121 con-

38 2137 192 2188 clusio
211 2140 250 2188 si
276 2140 530 2188 nouissimi
557 2140 757 2189 molossi
776 2141 935 2204 prima
957 2139 1140 2204 syllaba
1164 2141 1329 2190 breuis
1357 2142 1451 2198 fiat,
1476 2157 1647 2206 quam-

35 2210 112 2258 uis
139 2209 370 2259 trochaeo
396 2211 490 2259 rite
518 2212 804 2275 praemisso,
865 2218 982 2260 tunc
1010 2212 1139 2260 enim
1168 2213 1427 2262 heroicum
1456 2228 1647 2262 comma

0 2281 254 2328 onascitur
280 2286 335 2347 ut
360 2281 398 2329 si
427 2282 511 2344 qui
538 2281 667 2330 dicat
703 2279 837 2330 ‘litus
863 2283 1069 2331 amicis’.
1131 2284 1246 2331 item
1274 2282 1402 2332 bona
1430 2283 1647 2333 clausula

148 2409 203 2447 23
233 2419 277 2459 p.
298 2407 434 2449 Roso.
457 2406 555 2450 Am.
581 2407 606 2457 ἓ
631 2409 683 2448 72

149 2534 175 2573 3
204 2531 282 2572 uel
313 2533 353 2572 si
384 2533 407 2573 b
446 2530 464 2586 Η
504 2535 529 2573 5
562 2533 818 2585 pyrrhicius
849 2535 890 2574 B
912 2541 953 2576 et
973 2537 1034 2576 sic
1052 2539 1299 2590 plerumque
1338 2533 1356 2590 [1
1398 2539 1422 2577 6
1453 2549 1532 2589 pro
1565 2549 1645 2588 pa-

39 2588 245 2629 rentibus
278 2589 371 2629 suis
438 2589 674 2629 arentibus
706 2588 763 2629 B¹
795 2593 1150 2644 properantibus
1183 2595 1277 2633 suis
1308 2593 1584 2644 parentibus
1611 2594 1647 2632 D

40 2644 66 2683 6
89 2643 306 2696 spondius
328 2644 382 2684 B¹
420 2642 427 2699 Ι
458 2647 508 2685 12
528 2645 767 2686 causulam
789 2647 830 2686 B
848 2649 944 2687 icem
964 2662 1003 2687 u.
1028 2650 1095 2698 16,
1110 2650 1162 2687 19
1183 2654 1224 2689 ec
1243 2663 1286 2701 p.
1302 2651 1398 2699 174,
1416 2653 1439 2688 7
1466 2646 1484 2700 Η
1515 2649 1602 2689 hoc
1623 2663 1648 2688 r

38 2699 158 2740 huno
189 2700 272 2741 BR
305 2697 325 2755 ΙΙ
364 2701 750 2755 θὶεςὶαωίηιρεηιε.
779 2705 1014 2743 metri*tur
1043 2705 1167 2756 piter
1195 2704 1236 2743 B
1268 2701 1290 2758 [Ι
1327 2706 1375 2745 18
1415 2701 1489 2744 ΒΕ
1521 2705 1646 2745 TRI-

39 2754 329 2798 SYLLABIS
354 2757 762 2806 (TRISSYLABIS
785 2757 842 2811 R)
875 2765 972 2811 post
994 2763 1156 2799 curant
1175 2760 1369 2802 addssli’
1407 2757 1426 2814 [Ι
1469 2761 1647 2813 l9tris-

41 2810 233 2862 syllabis
262 2814 300 2853 R
348 2810 368 2867 ΙΙ
415 2816 468 2854 21
501 2815 698 2856 molosus
728 2816 767 2855 R
798 2821 841 2855 et
869 2817 929 2855 ita
954 2817 1050 2867 fere
1077 2829 1243 2868 semper
1287 2812 1307 2869 Η
1347 2819 1401 2857 25
1432 2817 1645 2858 fluctibus

41 2864 99 2906 B¹
140 2864 160 2921 ΙΙ
201 2870 255 2909 30
287 2870 363 2922 qui
391 2870 432 2909 B
464 2873 563 2924 quis
585 2872 608 2912 b
632 2885 707 2912 om.
732 2872 768 2911 R
806 2868 826 2924 [l
864 2871 972 2912 litus
994 2885 1071 2912 om.
1104 2871 1164 2911 B¹
1211 2868 1233 2925 H
