1982 3230
208 96 212 98 *
285 134 388 186 144
759 131 1060 174 MARTIANI
1091 131 1410 175 CAPELLAE

126 427 215 466 142

1636 0 1695 11 ,rfv-
1706 0 1719 11 m
1730 0 1808 26 5-1ςᾷ
1824 18 1835 22 Γ
1973 0 1982 20 3

1920 79 1938 98 Ἀ
1978 63 1982 79 ¹.

284 275 448 342 pellat.
524 284 877 324 INcIDENTES
925 289 1071 331 uem,
1123 288 1247 337 quae
1286 275 1402 325 dum
1453 282 1694 326 tractatur
1745 291 1918 332 causa÷

284 350 567 400 nascuntur,
597 344 713 393 dum
741 350 1027 407 argumenta
1053 343 1133 394 uel
1158 346 1337 408 scripta
1363 346 1623 396 refutando
1647 347 1697 395 in
1724 346 1895 412 plures

286 431 432 466 causa
460 414 707 464 diducitur
735 416 1060 478 quaestiones,
1089 420 1143 463 ut
1167 416 1229 464 sit
1253 416 1538 481 principalis
1564 420 1758 468 eutrum
1784 417 1894 468 Clo·

287 487 419 535 dium
464 487 573 535 iure
611 485 848 535 occiderit
883 484 1026 534 Milo'
1071 485 1296 535 incidens
1335 486 1512 553 <uter
1550 489 1650 537 utri
1691 489 1894 539 insidias

256 550 264 594 ἒ
287 556 631 621 compararit'.
1935 570 1958 604 5

173 636 258 676 444

178 1198 262 1238 445

408 625 712 691 Principales
738 627 887 688 igitur
913 631 1068 675 status
1086 625 1431 694 suntd‘numero
1452 633 1568 685 tres,
1598 643 1660 677 an
1681 630 1756 686 sit,
1778 628 1896 694 quid

287 699 362 755 sit,
393 697 536 762 quale
564 698 639 745 sit.
693 707 772 745 AN
800 708 890 746 SIT
928 698 1208 746 coniectura
1237 703 1309 746 est
1334 705 1389 747 ut
1425 701 1518 747 tan
1541 704 1730 762 patrem
1766 701 1896 748 occi-

287 769 415 818 derit
450 768 684 816 Roscius'
723 778 865 826 QVID
903 778 993 817 SIT
1029 768 1140 816 finis
1166 775 1221 817 ut
1258 771 1346 816 ‘an
1384 769 1616 818 minuerit
1642 768 1897 819 Cornelius

290 840 629 888 maiestatem'
669 848 863 897 QVALE
902 849 993 887 SIT
1029 837 1235 901 qualitas
1261 843 1315 887 ut
1351 842 1441 887 ean
1469 839 1762 888 Saturninus
1787 841 1898 890 iure

288 916 491 974 necatus
519 910 622 957 sit'.
673 908 756 956 sed
783 922 846 956 ne
874 907 1039 957 forsan
1067 915 1277 965 moueat,
1308 909 1435 972 quod
1463 916 1721 974 praetereo
1749 924 1896 974 quar-
1921 922 1963 955 ιο

289 986 393 1028 tum
420 985 617 1035 statum,
649 993 796 1042 quem
822 977 1154 1041 Hermagoras
1179 979 1391 1036 inuenit,
1420 979 1644 1029 subtilior
1671 982 1796 1029 ratio
1825 985 1900 1030 est

292 1065 405 1099 eum
432 1064 531 1098 non
557 1054 735 1098 statum
764 1047 850 1096 sed
878 1054 1067 1111 partem
1095 1049 1259 1099 dicere
1286 1048 1541 1114 qualitatiS‚
1571 1051 1703 1114 quod
1723 1052 1778 1099 inv
1794 1051 1899 1101 eius

291 1122 595 1184 expositione
621 1117 926 1167 monstrabo.

434 1190 576 1239 Nunc
603 1189 864 1238 dicendum
905 1195 977 1237 est
1004 1204 1099 1253 quo
1137 1189 1284 1238 modo
1319 1194 1474 1239 status
1508 1191 1824 1240 inueniantur
1849 1191 1900 1239 in

291 1277 453 1311 causa.
529 1260 851 1309 inueniuntur
886 1260 1035 1322 igitur
1069 1274 1161 1323 per
1197 1259 1552 1325 intentionem>
1579 1266 1628 1310 et
1653 1260 1899 1325 depulsio·
1922 1271 1965 1306 15

290 1347 420 1381 nem.
495 1341 773 1380 INTENTIO
803 1335 875 1378 est
902 1329 1112 1378 obiectio
1142 1330 1246 1379 eius
1282 1330 1397 1379 facti
1423 1331 1554 1394 quod
1581 1332 1632 1380 in
1665 1331 1902 1382 iudicium

291 1402 444 1451 uenit.
522 1411 814 1450 DEPVLSIO
845 1400 1086 1464 quaedam
1123 1401 1361 1450 resistens
1388 1402 1646 1454 intentioni
1666 1401 1738 1451 'ut
1761 1403 1803 1451 si
1829 1401 1899 1451 di—

292 1478 432 1521 catur
461 1471 705 1520 eoccidisti
731 1476 949 1534 patrem:
978 1485 1077 1519 non
1106 1471 1302 1520 occidi'.
1368 1487 1426 1520 ex
1452 1471 1529 1520 his
1556 1471 1746 1521 duabus
1770 1473 1901 1522 inter

291 1559 343 1592 se
371 1540 785 1591 concurrentibus
813 1539 1019 1589 uocibus
1045 1541 1263 1589 nascitur
1289 1543 1534 1606 quaestiO,
1574 1557 1699 1606 quae
1725 1542 1902 1592 dicitur

292 1622 536 1669 STATVS‚
576 1611 709 1675 quod
746 1610 815 1659 ibi
852 1611 991 1673 quasi
1028 1611 1088 1659 ad
1123 1612 1442 1674 pugnandum
1482 1613 1731 1662 actionum
1770 1613 1902 1663 acies
1923 1625 1966 1658 20

293 1683 515 1732 ordinata
543 1683 789 1730 consistat.
867 1680 954 1730 sed
980 1680 1122 1729 facile
1149 1686 1222 1731 est
1246 1681 1418 1731 uidere
1445 1683 1562 1746 quid
1590 1682 1780 1732 obiecto
1807 1683 1902 1733 cri-

294 1754 415 1802 mini
450 1752 825 1816 respondeatur.
900 1750 1021 1800 illud
1056 1750 1197 1800 facile
1232 1767 1333 1801 non
1371 1758 1443 1802 est
1470 1753 1583 1815 quid
1621 1752 1799 1803 debeat
1829 1754 1902 1803 in-

292 1824 452 1880 tendi,
493 1829 660 1872 utrum
701 1821 884 1870 factum
922 1827 978 1870 ut
1016 1821 1294 1871 ‘hominem
1334 1823 1581 1872 occidisti'
1620 1837 1682 1871 an
1719 1830 1915 1872 nomen

294 1895 410 1943 facti
434 1900 490 1943 ut
514 1892 856 1942 ‘homicidium
883 1890 1076 1941 fecisti’.
1155 1898 1203 1941 et
1227 1892 1340 1943 licet
1365 1894 1594 1943 uideatur
1620 1894 1748 1943 idem
1778 1908 1900 1950 esse,

292 1972 461 2014 tamen
504 1965 555 2012 in
592 1963 851 2028 superiore
889 1962 1168 2012 obiectione
1205 1963 1245 2012 si
1291 1963 1575 2028 negabitur,
1617 1965 1968 2014 coniecturam

295 2036 409 2091 erit,
439 2049 551 2083 cum
580 2034 762 2082 dixerit
788 2036 915 2081 ‘non
942 2033 1158 2081 occidi':
1204 2034 1253 2082 in
1280 2033 1375 2082 hoc
1403 2033 1486 2082 ubi
1523 2047 1703 2084 nomen
1729 2035 1803 2084 rei
1826 2035 1903 2083 in-

294 2106 528 2161 tenditur,
556 2108 723 2168 potest
750 2107 799 2152 et
822 2103 933 2152 finis
957 2103 1141 2160 uideri,
1178 2109 1233 2152 ut
1257 2106 1297 2152 si
1325 2104 1455 2153 dicat
1479 2107 1598 2153 ‘non
1626 2105 1721 2154 feci
1745 2104 1902 2154 homi-

296 2175 525 2232 cidium',
563 2172 602 2238 †
629 2174 929 2236 quicumque
967 2172 1116 2222 homo
1144 2188 1204 2222 an
1233 2189 1344 2223 cum
1379 2176 1618 2224 innocens
1645 2174 1900 2224 occiditur.

297 2244 428 2309 quod
455 2244 497 2292 si
519 2257 621 2292 non
644 2242 828 2292 factum
856 2241 1039 2291 obicias
1065 2243 1150 2291 sed
1173 2244 1393 2293 criminis
1418 2259 1614 2301 nomen,
1642 2245 1904 2306 negatione

299 2316 526 2364 diuersae
565 2315 719 2377 partis
758 2327 858 2362 non
908 2314 1001 2361 erit
1036 2312 1355 2363 manifestum
1394 2314 1476 2378 qui
1523 2318 1676 2364 status
1715 2314 1901 2364 existat.
1925 2326 1968 2359 30

298 2386 487 2434 nescias
523 2385 653 2432 enim
680 2383 796 2448 quid
834 2388 981 2445 neget
1007 2384 1092 2446 qui
1126 2384 1192 2432 ita
1229 2390 1376 2448 negat
1412 2387 1538 2433 enon
1573 2385 1666 2434 feci
1699 2382 1904 2433 homici-
1980 2414 1982 2423 ι

412 2570 438 2609 3
469 2565 711 2608 deducitur
730 2566 768 2606 R
806 2563 825 2620 {l
863 2566 892 2605 4
921 2564 1140 2605 incedens
1159 2579 1183 2605 r
1211 2564 1470 2607 incidentes
1489 2567 1528 2607 R
1559 2563 1580 2620 Η
1619 2568 1645 2607 9
1673 2567 1904 2620 magesta-

299 2627 396 2664 tem
415 2624 456 2663 D
495 2620 515 2677 Η
555 2624 610 2662 14
638 2621 778 2661 nunci
804 2619 864 2661 Β1
906 2618 927 2676 Η
964 2622 1229 2662 inueniatur
1248 2620 1308 2662 B¹
1339 2623 1573 2663 inuenitur
1592 2624 1634 2662 D
1663 2621 1906 2662 inueniun-

299 2683 374 2720 tur
395 2681 426 2720 d
460 2675 480 2733 Π
522 2680 573 2719 17
613 2678 833 2719 resistens
863 2677 1116 2719 intentioni
1145 2679 1336 2732 negatio
1367 2679 1390 2719 b
1440 2676 1458 2733 ss
1506 2680 1559 2720 21
1595 2677 1770 2719 obietto
1791 2678 1830 2718 R
1867 2674 1888 2732 ΙΙ

299 2738 354 2777 26
384 2737 455 2776 rei
473 2747 638 2776 nomen
659 2735 697 2774 R
715 2734 775 2785 (P)
813 2730 834 2788 Π
871 2736 925 2775 28
947 2734 1222 2787 quicumque
1243 2735 1326 2775 BR
1356 2747 1415 2775 an
1437 2736 1705 2787 quicumque
1727 2733 1791 2776 br.
1820 2737 1906 2775 tale

300 2793 466 2846 aliquid
493 2794 628 2832 latere
657 2794 800 2842 putem
831 2790 1122 2830 homicidium
1154 2794 1225 2831 est
1256 2791 1376 2831 enim
1397 2803 1488 2831 non
1511 2803 1611 2830 cum
1633 2790 1905 2843 quicumque

301 2847 434 2888 homo
467 2847 548 2888 sed
571 2860 671 2887 cum
693 2847 915 2887 innocens
947 2847 1174 2899 occiditur
1212 2844 1231 2901 Η
1270 2859 1441 2888 nocens
1461 2847 1485 2887 b
1523 2843 1543 2900 Η
1581 2848 1633 2887 31
1665 2849 1808 2900 negat
1829 2846 1907 2899 qui

303 2903 370 2942 ita
400 2907 544 2957 negat
573 2903 635 2944 Rb
674 2906 818 2955 negat
849 2903 927 2955 qui
957 2903 1025 2943 ita
1054 2907 1195 2956 neget
1223 2903 1266 2942 B
1296 2917 1408 2945 corr.
1431 2903 1624 2943 Halmius
1671 2900 1690 2956 Η
