<?xml version="1.0" encoding="UTF-8"?>
<!DOCTYPE html PUBLIC "-//W3C//DTD XHTML 1.0 Transitional//EN"
    "http://www.w3.org/TR/xhtml1/DTD/xhtml1-transitional.dtd">
<html xmlns="http://www.w3.org/1999/xhtml" xml:lang="en" lang="en">
 <head>
  <title>
</title>
<meta http-equiv="Content-Type" content="text/html;charset=utf-8" />
  <meta name='ocr-system' content='tesseract 3.04.00' />
  <meta name='ocr-capabilities' content='ocr_page ocr_carea ocr_par ocr_line ocrx_word'/>
</head>
<body>
  <div class='ocr_page' id='page_1' title='image "./martianvscapella00martuoft_0020.png"; bbox 0 0 1982 3230; ppageno 0'>
   <div class='ocr_carea' id='block_1_1' title="bbox 262 125 1629 171">
    <p class='ocr_par' dir='ltr' id='par_1_1' title="bbox 262 125 1629 171">
     <span class='ocr_line' id='line_1_1' title="bbox 262 125 1629 171; baseline -0.002 0"><span class='ocrx_word' id='word_1_1' title='bbox 262 130 400 171; x_wconf 91' lang='lat' dir='ltr'>XIIII</span> <span class='ocrx_word' id='word_1_2' title='bbox 450 128 799 171; x_wconf 85' lang='lat' dir='ltr'>PRAEFATIO</span> <span class='ocrx_word' id='word_1_3' title='bbox 822 128 886 169; x_wconf 89' lang='lat' dir='ltr'>IN</span> <span class='ocrx_word' id='word_1_4' title='bbox 905 126 1275 169; x_wconf 80' lang='lat' dir='ltr'>MARTIANVM</span> <span class='ocrx_word' id='word_1_5' title='bbox 1297 125 1629 168; x_wconf 79' lang='lat' dir='ltr'><strong>CAPELLAM</strong></span> 
     </span>
    </p>
   </div>
   <div class='ocr_carea' id='block_1_2' title="bbox 262 235 1970 319">
    <p class='ocr_par' dir='ltr' id='par_1_2' title="bbox 262 235 1970 319">
     <span class='ocr_line' id='line_1_2' title="bbox 262 235 1970 319; baseline 0 -14"><span class='ocrx_word' id='word_1_6' title='bbox 262 257 300 305; x_wconf 91' lang='lat' dir='ltr'>B</span> <span class='ocrx_word' id='word_1_7' title='bbox 315 272 340 305; x_wconf 95' lang='lat' dir='ltr'>e</span> <span class='ocrx_word' id='word_1_8' title='bbox 355 271 379 304; x_wconf 83' lang='lat' dir='ltr'>r</span> <span class='ocrx_word' id='word_1_9' title='bbox 394 270 424 303; x_wconf 91' lang='lat' dir='ltr'>n</span> <span class='ocrx_word' id='word_1_10' title='bbox 440 256 607 304; x_wconf 87' lang='lat' dir='ltr'>ensis</span> <span class='ocrx_word' id='word_1_11' title='bbox 643 254 838 319; x_wconf 90' lang='lat' dir='ltr'>quidem</span> <span class='ocrx_word' id='word_1_12' title='bbox 874 268 923 302; x_wconf 91' lang='lat' dir='ltr'>n.</span> <span class='ocrx_word' id='word_1_13' title='bbox 966 250 1035 303; x_wconf 83' lang='lat'>56</span> <span class='ocrx_word' id='word_1_14' title='bbox 1050 252 1080 302; x_wconf 90' lang='lat' dir='ltr'>b</span> <span class='ocrx_word' id='word_1_15' title='bbox 1117 251 1527 302; x_wconf 82' lang='lat' dir='ltr'>membranaceus</span> <span class='ocrx_word' id='word_1_16' title='bbox 1560 253 1773 318; x_wconf 74' lang='lat' dir='ltr'>scriptus</span> <span class='ocrx_word' id='word_1_17' title='bbox 1804 255 1899 307; x_wconf 33' lang='lat' dir='ltr'>esta</span> <span class='ocrx_word' id='word_1_18' title='bbox 1925 235 1970 314; x_wconf 54' lang='lat' dir='ltr'>&#39;J</span> 
     </span>
    </p>
   </div>
   <div class='ocr_carea' id='block_1_3' title="bbox 261 336 1883 486">
    <p class='ocr_par' dir='ltr' id='par_1_3' title="bbox 261 336 1883 486">
     <span class='ocr_line' id='line_1_3' title="bbox 262 336 1883 401; baseline -0.001 -12"><span class='ocrx_word' id='word_1_19' title='bbox 262 340 458 389; x_wconf 83' lang='lat' dir='ltr'>saeculo</span> <span class='ocrx_word' id='word_1_20' title='bbox 487 340 694 395; x_wconf 87' lang='lat' dir='ltr'>decim0,</span> <span class='ocrx_word' id='word_1_21' title='bbox 727 340 976 401; x_wconf 84' lang='lat' dir='ltr'>integrum</span> <span class='ocrx_word' id='word_1_22' title='bbox 1003 337 1294 387; x_wconf 82' lang='lat' dir='ltr'>Martianum</span> <span class='ocrx_word' id='word_1_23' title='bbox 1323 338 1556 394; x_wconf 84' lang='lat' dir='ltr'>continet,</span> <span class='ocrx_word' id='word_1_24' title='bbox 1585 336 1770 387; x_wconf 79' lang='lat' dir='ltr'>scholia</span> <span class='ocrx_word' id='word_1_25' title='bbox 1795 337 1883 388; x_wconf 69' lang='lat' dir='ltr'>ad·v</span> 
     </span>
     <span class='ocr_line' id='line_1_4' title="bbox 261 420 1881 486; baseline 0.001 -15"><span class='ocrx_word' id='word_1_26' title='bbox 261 425 444 486; x_wconf 80' lang='lat' dir='ltr'>scripta</span> <span class='ocrx_word' id='word_1_27' title='bbox 483 429 611 471; x_wconf 88' lang='lat' dir='ltr'>sunt.</span> <span class='ocrx_word' id='word_1_28' title='bbox 683 423 1036 471; x_wconf 79' lang='lat' dir='ltr'>Puteaneus</span> <span class='ocrx_word' id='word_1_29' title='bbox 1080 422 1298 470; x_wconf 84' lang='lat' dir='ltr'>eiusdem</span> <span class='ocrx_word' id='word_1_30' title='bbox 1338 420 1521 471; x_wconf 83' lang='lat' dir='ltr'>saeculi</span> <span class='ocrx_word' id='word_1_31' title='bbox 1560 427 1634 470; x_wconf 85' lang='lat' dir='ltr'>est</span> <span class='ocrx_word' id='word_1_32' title='bbox 1671 436 1881 472; x_wconf 77' lang='lat' dir='ltr'>numero</span> 
     </span>
    </p>
   </div>
   <div class='ocr_carea' id='block_1_4' title="bbox 264 502 1934 575">
    <p class='ocr_par' dir='ltr' id='par_1_4' title="bbox 264 502 1934 575">
     <span class='ocr_line' id='line_1_5' title="bbox 264 502 1934 575; baseline 0 -19"><span class='ocrx_word' id='word_1_33' title='bbox 264 505 447 556; x_wconf 87' lang='grc' dir='ltr'><strong>790οΑ</strong></span> <span class='ocrx_word' id='word_1_34' title='bbox 478 507 763 570; x_wconf 84' lang='lat' dir='ltr'>insignitus,</span> <span class='ocrx_word' id='word_1_35' title='bbox 800 507 1030 570; x_wconf 85' lang='lat' dir='ltr'>Regius</span> <span class='ocrx_word' id='word_1_36' title='bbox 1056 505 1240 555; x_wconf 86' lang='lat' dir='ltr'>saeculi</span> <span class='ocrx_word' id='word_1_37' title='bbox 1266 507 1387 554; x_wconf 90' lang='lat' dir='ltr'>noni</span> <span class='ocrx_word' id='word_1_38' title='bbox 1410 519 1545 554; x_wconf 90' lang='lat' dir='ltr'>num.</span> <span class='ocrx_word' id='word_1_39' title='bbox 1575 502 1730 563; x_wconf 87' lang='grc'><strong>8669,</strong></span> <span class='ocrx_word' id='word_1_40' title='bbox 1762 504 1880 575; x_wconf 84' lang='lat' dir='ltr'>Re·</span> <span class='ocrx_word' id='word_1_41' title='bbox 1929 552 1934 565; x_wconf 11' lang='grc' dir='ltr'>γ,</span> 
     </span>
    </p>
   </div>
   <div class='ocr_carea' id='block_1_5' title="bbox 261 586 1882 740">
    <p class='ocr_par' dir='ltr' id='par_1_5' title="bbox 261 586 1882 740">
     <span class='ocr_line' id='line_1_6' title="bbox 262 586 1882 654; baseline 0.001 -15"><span class='ocrx_word' id='word_1_42' title='bbox 262 592 580 654; x_wconf 86' lang='lat' dir='ltr'>ginensem</span> <span class='ocrx_word' id='word_1_43' title='bbox 620 590 733 640; x_wconf 87' lang='lat' dir='ltr'>olim</span> <span class='ocrx_word' id='word_1_44' title='bbox 762 590 1016 639; x_wconf 78' lang='lat' dir='ltr'>Francisci</span> <span class='ocrx_word' id='word_1_45' title='bbox 1053 590 1219 639; x_wconf 83' lang='lat' dir='ltr'>Nansii</span> <span class='ocrx_word' id='word_1_46' title='bbox 1246 604 1382 639; x_wconf 84' lang='lat' dir='ltr'>num.</span> <span class='ocrx_word' id='word_1_47' title='bbox 1422 586 1556 639; x_wconf 84' lang='lat'>1987</span> <span class='ocrx_word' id='word_1_48' title='bbox 1592 591 1779 639; x_wconf 84' lang='lat' dir='ltr'>amicus</span> <span class='ocrx_word' id='word_1_49' title='bbox 1814 591 1882 640; x_wconf 82' lang='lat' dir='ltr'>ait</span> 
     </span>
     <span class='ocr_line' id='line_1_7' title="bbox 261 675 1882 740; baseline 0 -16"><span class='ocrx_word' id='word_1_50' title='bbox 261 675 459 724; x_wconf 78' lang='lat' dir='ltr'>saeculo</span> <span class='ocrx_word' id='word_1_51' title='bbox 505 682 590 725; x_wconf 82' lang='lat' dir='ltr'>aut</span> <span class='ocrx_word' id='word_1_52' title='bbox 636 691 766 724; x_wconf 87' lang='lat' dir='ltr'>nono</span> <span class='ocrx_word' id='word_1_53' title='bbox 814 682 898 724; x_wconf 80' lang='lat' dir='ltr'>aut</span> <span class='ocrx_word' id='word_1_54' title='bbox 934 675 1125 724; x_wconf 81' lang='lat' dir='ltr'>decimo</span> <span class='ocrx_word' id='word_1_55' title='bbox 1173 675 1411 738; x_wconf 81' lang='lat' dir='ltr'>scriptum</span> <span class='ocrx_word' id='word_1_56' title='bbox 1458 688 1564 723; x_wconf 85' lang='lat' dir='ltr'>esse</span> <span class='ocrx_word' id='word_1_57' title='bbox 1609 688 1882 740; x_wconf 83' lang='lat' dir='ltr'>omnesque</span> 
     </span>
    </p>
   </div>
   <div class='ocr_carea' id='block_1_6' title="bbox 1684 0 1982 411">
    <p class='ocr_par' dir='ltr' id='par_1_6' title="bbox 1684 0 1982 411">
     <span class='ocr_line' id='line_1_8' title="bbox 1684 0 1982 411; baseline 0 -237"><span class='ocrx_word' id='word_1_58' title='bbox 1684 0 1982 411; x_wconf 95' lang='lat' dir='ltr'>   </span> 
     </span>
    </p>
   </div>
   <div class='ocr_carea' id='block_1_7' title="bbox 261 757 1982 828">
    <p class='ocr_par' dir='ltr' id='par_1_7' title="bbox 261 757 1982 828">
     <span class='ocr_line' id='line_1_9' title="bbox 261 757 1982 828; baseline -0.001 -19"><span class='ocrx_word' id='word_1_59' title='bbox 261 760 485 809; x_wconf 77' lang='lat' dir='ltr'>Martiani</span> <span class='ocrx_word' id='word_1_60' title='bbox 509 760 663 809; x_wconf 88' lang='lat' dir='ltr'>libros</span> <span class='ocrx_word' id='word_1_61' title='bbox 690 761 969 815; x_wconf 79' lang='lat' dir='ltr'>continere,</span> <span class='ocrx_word' id='word_1_62' title='bbox 1007 759 1415 822; x_wconf 83' lang='lat' dir='ltr'>Reginensem</span> <span class='ocrx_word' id='word_1_63' title='bbox 1452 772 1500 806; x_wconf 91' lang='lat' dir='ltr'>n.</span> <span class='ocrx_word' id='word_1_64' title='bbox 1533 757 1670 809; x_wconf 82' lang='lat'>1535</span> <span class='ocrx_word' id='word_1_65' title='bbox 1695 758 1894 817; x_wconf 79' lang='lat' dir='ltr'>saeculi</span> <span class='ocrx_word' id='word_1_66' title='bbox 1942 776 1982 828; x_wconf 48' lang='grc' dir='ltr'>,ᾗ</span> 
     </span>
    </p>
   </div>
   <div class='ocr_carea' id='block_1_8' title="bbox 262 844 1878 894">
    <p class='ocr_par' dir='ltr' id='par_1_8' title="bbox 262 844 1878 894">
     <span class='ocr_line' id='line_1_10' title="bbox 262 844 1878 894; baseline 0.001 -2"><span class='ocrx_word' id='word_1_67' title='bbox 262 844 439 893; x_wconf 82' lang='lat' dir='ltr'>decimi</span> <span class='ocrx_word' id='word_1_68' title='bbox 468 859 597 894; x_wconf 86' lang='lat' dir='ltr'>esse:</span> <span class='ocrx_word' id='word_1_69' title='bbox 639 851 857 894; x_wconf 80' lang='lat' dir='ltr'>extrema</span> <span class='ocrx_word' id='word_1_70' title='bbox 895 844 1049 893; x_wconf 84' lang='lat' dir='ltr'>uerba</span> <span class='ocrx_word' id='word_1_71' title='bbox 1087 858 1192 892; x_wconf 86' lang='lat' dir='ltr'>esse</span> <span class='ocrx_word' id='word_1_72' title='bbox 1218 857 1366 892; x_wconf 90' lang='lat' dir='ltr'>sonus</span> <span class='ocrx_word' id='word_1_73' title='bbox 1390 857 1504 892; x_wconf 85' lang='lat' dir='ltr'>vero</span> <span class='ocrx_word' id='word_1_74' title='bbox 1531 844 1718 892; x_wconf 83' lang='lat' dir='ltr'>diuisit.</span> <span class='ocrx_word' id='word_1_75' title='bbox 1770 844 1878 893; x_wconf 78' lang='lat' dir='ltr'>Pa-</span> 
     </span>
    </p>
   </div>
   <div class='ocr_carea' id='block_1_9' title="bbox 261 918 1982 1162">
    <p class='ocr_par' dir='ltr' id='par_1_9' title="bbox 261 918 1982 1162">
     <span class='ocr_line' id='line_1_11' title="bbox 261 918 1978 993; baseline 0 -16"><span class='ocrx_word' id='word_1_76' title='bbox 261 928 499 978; x_wconf 81' lang='lat' dir='ltr'>latinus</span> <span class='ocrx_word' id='word_1_77' title='bbox 536 943 585 977; x_wconf 88' lang='lat' dir='ltr'>n.</span> <span class='ocrx_word' id='word_1_78' title='bbox 619 926 754 978; x_wconf 92' lang='grc'><strong>1577</strong></span> <span class='ocrx_word' id='word_1_79' title='bbox 783 927 979 978; x_wconf 79' lang='lat' dir='ltr'>saec-ulo</span> <span class='ocrx_word' id='word_1_80' title='bbox 1005 928 1069 976; x_wconf 89' lang='lat' dir='ltr'>XI</span> <span class='ocrx_word' id='word_1_81' title='bbox 1107 929 1319 993; x_wconf 79' lang='lat' dir='ltr'>scriptus</span> <span class='ocrx_word' id='word_1_82' title='bbox 1347 933 1442 984; x_wconf 81' lang='lat' dir='ltr'>est,</span> <span class='ocrx_word' id='word_1_83' title='bbox 1481 929 1702 977; x_wconf 86' lang='lat' dir='ltr'>continet</span> <span class='ocrx_word' id='word_1_84' title='bbox 1725 926 1880 978; x_wconf 82' lang='lat' dir='ltr'>libros</span> <span class='ocrx_word' id='word_1_85' title='bbox 1919 937 1935 947; x_wconf 64' lang='lat'>&#39;‘</span> <span class='ocrx_word' id='word_1_86' title='bbox 1975 918 1978 924; x_wconf 65' lang='grc'><strong>’</strong></span> 
     </span>
     <span class='ocr_line' id='line_1_12' title="bbox 262 1011 1982 1078; baseline 0.002 -18"><span class='ocrx_word' id='word_1_87' title='bbox 262 1018 455 1061; x_wconf 83' lang='lat' dir='ltr'>sextum</span> <span class='ocrx_word' id='word_1_88' title='bbox 485 1014 745 1076; x_wconf 78' lang='lat' dir='ltr'>septimum</span> <span class='ocrx_word' id='word_1_89' title='bbox 783 1019 1030 1062; x_wconf 81' lang='lat' dir='ltr'>octauum.</span> <span class='ocrx_word' id='word_1_90' title='bbox 1093 1014 1258 1077; x_wconf 79' lang='lat' dir='ltr'>itaque</span> <span class='ocrx_word' id='word_1_91' title='bbox 1285 1013 1534 1076; x_wconf 82' lang='lat' dir='ltr'>graviores</span> <span class='ocrx_word' id='word_1_92' title='bbox 1569 1011 1879 1076; x_wconf 79' lang='lat' dir='ltr'><strong>corruptelae</strong></span> <span class='ocrx_word' id='word_1_93' title='bbox 1933 1064 1935 1068; x_wconf 65' lang='grc'>,</span> <span class='ocrx_word' id='word_1_94' title='bbox 1968 1039 1982 1078; x_wconf 68' lang='lat' dir='ltr'>f.</span> 
     </span>
     <span class='ocr_line' id='line_1_13' title="bbox 261 1095 1926 1162; baseline 0.003 -18"><span class='ocrx_word' id='word_1_95' title='bbox 261 1097 309 1144; x_wconf 89' lang='lat' dir='ltr'>in</span> <span class='ocrx_word' id='word_1_96' title='bbox 346 1095 481 1145; x_wconf 89' lang='lat' dir='ltr'>nullo</span> <span class='ocrx_word' id='word_1_97' title='bbox 518 1096 696 1146; x_wconf 80' lang='lat' dir='ltr'>horum</span> <span class='ocrx_word' id='word_1_98' title='bbox 737 1097 959 1145; x_wconf 82' lang='lat' dir='ltr'>codicum</span> <span class='ocrx_word' id='word_1_99' title='bbox 998 1103 1238 1145; x_wconf 79' lang='lat' dir='ltr'>sanantur</span> <span class='ocrx_word' id='word_1_100' title='bbox 1265 1098 1391 1162; x_wconf 75' lang='lat' dir='ltr'>(tum</span> <span class='ocrx_word' id='word_1_101' title='bbox 1419 1096 1639 1145; x_wconf 85' lang='lat' dir='ltr'>codicem</span> <span class='ocrx_word' id='word_1_102' title='bbox 1667 1095 1878 1161; x_wconf 82' lang='lat' dir='ltr'>aliquem</span> <span class='ocrx_word' id='word_1_103' title='bbox 1922 1151 1926 1154; x_wconf 72' lang='grc'><em>,</em></span> 
     </span>
    </p>
   </div>
   <div class='ocr_carea' id='block_1_10' title="bbox 263 1180 1880 1329">
    <p class='ocr_par' dir='ltr' id='par_1_10' title="bbox 263 1180 1880 1329">
     <span class='ocr_line' id='line_1_14' title="bbox 265 1180 1878 1230; baseline 0.001 -2"><span class='ocrx_word' id='word_1_104' title='bbox 265 1195 364 1228; x_wconf 83' lang='lat' dir='ltr'>non</span> <span class='ocrx_word' id='word_1_105' title='bbox 392 1182 680 1230; x_wconf 78' lang='lat' dir='ltr'>nominatim</span> <span class='ocrx_word' id='word_1_106' title='bbox 715 1182 866 1230; x_wconf 78' lang='lat' dir='ltr'>affero</span> <span class='ocrx_word' id='word_1_107' title='bbox 902 1180 983 1229; x_wconf 86' lang='lat' dir='ltr'>ubi</span> <span class='ocrx_word' id='word_1_108' title='bbox 1014 1180 1198 1230; x_wconf 80' lang='lat' dir='ltr'>nullam</span> <span class='ocrx_word' id='word_1_109' title='bbox 1235 1181 1295 1229; x_wconf 90' lang='lat' dir='ltr'>de</span> <span class='ocrx_word' id='word_1_110' title='bbox 1323 1180 1404 1229; x_wconf 89' lang='lat' dir='ltr'>illo</span> <span class='ocrx_word' id='word_1_111' title='bbox 1448 1180 1558 1229; x_wconf 86' lang='lat' dir='ltr'>loco</span> <span class='ocrx_word' id='word_1_112' title='bbox 1597 1196 1657 1230; x_wconf 88' lang='lat' dir='ltr'>ex</span> <span class='ocrx_word' id='word_1_113' title='bbox 1694 1196 1753 1230; x_wconf 89' lang='lat' dir='ltr'>eo</span> <span class='ocrx_word' id='word_1_114' title='bbox 1789 1195 1878 1230; x_wconf 80' lang='lat' dir='ltr'>no-</span> 
     </span>
     <span class='ocr_line' id='line_1_15' title="bbox 263 1262 1880 1329; baseline 0.002 -17"><span class='ocrx_word' id='word_1_115' title='bbox 263 1267 417 1313; x_wconf 67' lang='lat' dir='ltr'>titiam</span> <span class='ocrx_word' id='word_1_116' title='bbox 454 1266 636 1329; x_wconf 82' lang='lat' dir='ltr'>accepi)</span> <span class='ocrx_word' id='word_1_117' title='bbox 679 1265 831 1314; x_wconf 83' lang='lat' dir='ltr'>ueluti</span> <span class='ocrx_word' id='word_1_118' title='bbox 867 1280 913 1328; x_wconf 91' lang='lat' dir='ltr'>p.</span> <span class='ocrx_word' id='word_1_119' title='bbox 946 1263 1027 1320; x_wconf 89' lang='lat'>11,</span> <span class='ocrx_word' id='word_1_120' title='bbox 1056 1262 1125 1314; x_wconf 77' lang='lat'>26</span> <span class='ocrx_word' id='word_1_121' title='bbox 1162 1266 1211 1313; x_wconf 90' lang='lat' dir='ltr'>in</span> <span class='ocrx_word' id='word_1_122' title='bbox 1248 1265 1499 1323; x_wconf 78' lang='lat' dir='ltr'>Puteaneo</span> <span class='ocrx_word' id='word_1_123' title='bbox 1537 1271 1583 1313; x_wconf 84' lang='lat' dir='ltr'>et</span> <span class='ocrx_word' id='word_1_124' title='bbox 1618 1264 1772 1328; x_wconf 85' lang='lat' dir='ltr'>Regio</span> <span class='ocrx_word' id='word_1_125' title='bbox 1807 1271 1880 1316; x_wconf 84' lang='lat' dir='ltr'>est</span> 
     </span>
    </p>
   </div>
   <div class='ocr_carea' id='block_1_11' title="bbox 265 1342 1982 1417">
    <p class='ocr_par' dir='ltr' id='par_1_11' title="bbox 265 1342 1982 1417">
     <span class='ocr_line' id='line_1_16' title="bbox 265 1342 1982 1417; baseline 0.001 -21"><span class='ocrx_word' id='word_1_126' title='bbox 265 1352 472 1397; x_wconf 85' lang='lat' dir='ltr'>instanti</span> <span class='ocrx_word' id='word_1_127' title='bbox 518 1351 793 1398; x_wconf 80' lang='lat' dir='ltr'>concedere</span> <span class='ocrx_word' id='word_1_128' title='bbox 842 1351 929 1398; x_wconf 80' lang='lat' dir='ltr'>tibi</span> <span class='ocrx_word' id='word_1_129' title='bbox 960 1356 1120 1398; x_wconf 87' lang='lat' dir='ltr'>sectus</span> <span class='ocrx_word' id='word_1_130' title='bbox 1155 1352 1325 1398; x_wconf 84' lang='lat' dir='ltr'>solitus</span> <span class='ocrx_word' id='word_1_131' title='bbox 1367 1351 1597 1411; x_wconf 76' lang='lat' dir='ltr'>aperire:</span> <span class='ocrx_word' id='word_1_132' title='bbox 1646 1350 1695 1397; x_wconf 89' lang='lat' dir='ltr'>in</span> <span class='ocrx_word' id='word_1_133' title='bbox 1730 1348 1879 1417; x_wconf 87' lang='lat' dir='ltr'>Regi·</span> <span class='ocrx_word' id='word_1_134' title='bbox 1960 1342 1982 1356; x_wconf 57' lang='lat'>⁴⁴</span> 
     </span>
    </p>
   </div>
   <div class='ocr_carea' id='block_1_12' title="bbox 260 1430 1878 1585">
    <p class='ocr_par' dir='ltr' id='par_1_12' title="bbox 260 1430 1878 1585">
     <span class='ocr_line' id='line_1_17' title="bbox 264 1430 1876 1499; baseline 0.002 -18"><span class='ocrx_word' id='word_1_135' title='bbox 264 1435 404 1482; x_wconf 82' lang='lat' dir='ltr'>nensi</span> <span class='ocrx_word' id='word_1_136' title='bbox 442 1430 575 1483; x_wconf 92' lang='grc'><strong>1987</strong></span> <span class='ocrx_word' id='word_1_137' title='bbox 614 1437 827 1483; x_wconf 85' lang='lat' dir='ltr'>instante</span> <span class='ocrx_word' id='word_1_138' title='bbox 862 1435 1230 1483; x_wconf 72' lang='lat' dir='ltr'>con*ce*dcre</span> <span class='ocrx_word' id='word_1_139' title='bbox 1267 1431 1420 1497; x_wconf 84' lang='lat' dir='ltr'>(corr.</span> <span class='ocrx_word' id='word_1_140' title='bbox 1463 1448 1520 1481; x_wconf 89' lang='lat' dir='ltr'>ex</span> <span class='ocrx_word' id='word_1_141' title='bbox 1555 1434 1876 1499; x_wconf 78' lang='lat' dir='ltr'>contendere)</span> 
     </span>
     <span class='ocr_line' id='line_1_18' title="bbox 260 1503 1878 1585; baseline 0.001 -18"><span class='ocrx_word' id='word_1_142' title='bbox 260 1519 347 1567; x_wconf 75' lang='lat' dir='ltr'>tibi</span> <span class='ocrx_word' id='word_1_143' title='bbox 395 1503 537 1585; x_wconf 49' lang='lat' dir='ltr'>sefiqs</span> <span class='ocrx_word' id='word_1_144' title='bbox 589 1519 644 1581; x_wconf 80' lang='grc' dir='ltr'>(τ</span> <span class='ocrx_word' id='word_1_145' title='bbox 688 1524 735 1567; x_wconf 86' lang='lat' dir='ltr'>et</span> <span class='ocrx_word' id='word_1_146' title='bbox 777 1526 957 1582; x_wconf 69' lang='lat' dir='ltr'>puncta</span> <span class='ocrx_word' id='word_1_147' title='bbox 1018 1518 1268 1583; x_wconf 82' lang='lat' dir='ltr'>supposita</span> <span class='ocrx_word' id='word_1_148' title='bbox 1328 1533 1354 1566; x_wconf 84' lang='lat' dir='ltr'>a</span> <span class='ocrx_word' id='word_1_149' title='bbox 1405 1533 1469 1566; x_wconf 89' lang='lat' dir='ltr'>m.</span> <span class='ocrx_word' id='word_1_150' title='bbox 1523 1520 1655 1581; x_wconf 86' lang='lat' dir='ltr'>rec.)</span> <span class='ocrx_word' id='word_1_151' title='bbox 1709 1521 1878 1568; x_wconf 83' lang='lat' dir='ltr'>solitus</span> 
     </span>
    </p>
   </div>
   <div class='ocr_carea' id='block_1_13' title="bbox 259 1599 1946 1666">
    <p class='ocr_par' dir='ltr' id='par_1_13' title="bbox 259 1599 1946 1666">
     <span class='ocr_line' id='line_1_19' title="bbox 259 1599 1946 1666; baseline 0.001 -15"><span class='ocrx_word' id='word_1_152' title='bbox 259 1606 489 1665; x_wconf 82' lang='lat' dir='ltr'>aperire‚·</span> <span class='ocrx_word' id='word_1_153' title='bbox 527 1605 574 1652; x_wconf 90' lang='lat' dir='ltr'>in</span> <span class='ocrx_word' id='word_1_154' title='bbox 602 1603 867 1666; x_wconf 84' lang='lat' dir='ltr'>Reginensi</span> <span class='ocrx_word' id='word_1_155' title='bbox 896 1600 1031 1653; x_wconf 82' lang='lat'>1535</span> <span class='ocrx_word' id='word_1_156' title='bbox 1067 1606 1279 1652; x_wconf 75' lang='lat' dir='ltr'>instante</span> <span class='ocrx_word' id='word_1_157' title='bbox 1313 1603 1586 1651; x_wconf 77' lang='lat' dir='ltr'>concedere</span> <span class='ocrx_word' id='word_1_158' title='bbox 1611 1603 1699 1651; x_wconf 82' lang='lat' dir='ltr'>tibi</span> <span class='ocrx_word' id='word_1_159' title='bbox 1718 1599 1879 1652; x_wconf 82' lang='lat' dir='ltr'>sectus</span> <span class='ocrx_word' id='word_1_160' title='bbox 1940 1599 1946 1603; x_wconf 75' lang='grc'><strong>’</strong></span> 
     </span>
    </p>
   </div>
   <div class='ocr_carea' id='block_1_14' title="bbox 260 1674 1875 1765">
    <p class='ocr_par' dir='ltr' id='par_1_14' title="bbox 260 1674 1875 1765">
     <span class='ocr_line' id='line_1_20' title="bbox 260 1674 1875 1765; baseline 0 -28"><span class='ocrx_word' id='word_1_161' title='bbox 260 1691 429 1738; x_wconf 83' lang='lat' dir='ltr'>solitus</span> <span class='ocrx_word' id='word_1_162' title='bbox 460 1674 712 1765; x_wconf 56' lang='lat' dir='ltr'>apperire</span> <span class='ocrx_word' id='word_1_163' title='bbox 732 1687 883 1751; x_wconf 80' lang='lat' dir='ltr'>(corr.</span> <span class='ocrx_word' id='word_1_164' title='bbox 913 1689 961 1735; x_wconf 93' lang='lat' dir='ltr'>in</span> <span class='ocrx_word' id='word_1_165' title='bbox 991 1702 1059 1736; x_wconf 75' lang='lat' dir='ltr'>a*</span> <span class='ocrx_word' id='word_1_166' title='bbox 1062 1687 1278 1752; x_wconf 77' lang='lat' dir='ltr'>perire).</span> <span class='ocrx_word' id='word_1_167' title='bbox 1313 1715 1380 1722; x_wconf 90' lang='lat'>--</span> <span class='ocrx_word' id='word_1_168' title='bbox 1418 1701 1466 1750; x_wconf 90' lang='lat' dir='ltr'>p.</span> <span class='ocrx_word' id='word_1_169' title='bbox 1495 1683 1579 1743; x_wconf 82' lang='grc'>62,</span> <span class='ocrx_word' id='word_1_170' title='bbox 1606 1683 1676 1735; x_wconf 78' lang='lat'>29</span> <span class='ocrx_word' id='word_1_171' title='bbox 1702 1688 1750 1735; x_wconf 90' lang='lat' dir='ltr'>in</span> <span class='ocrx_word' id='word_1_172' title='bbox 1778 1688 1875 1737; x_wconf 91' lang='lat' dir='ltr'>Pu-</span> 
     </span>
    </p>
   </div>
   <div class='ocr_carea' id='block_1_15' title="bbox 261 1771 1982 1920">
    <p class='ocr_par' dir='ltr' id='par_1_15' title="bbox 261 1771 1982 1920">
     <span class='ocr_line' id='line_1_21' title="bbox 262 1771 1982 1836; baseline 0 -14"><span class='ocrx_word' id='word_1_173' title='bbox 262 1780 438 1822; x_wconf 81' lang='lat' dir='ltr'>teaneo</span> <span class='ocrx_word' id='word_1_174' title='bbox 465 1775 575 1834; x_wconf 78' lang='lat' dir='ltr'>quis</span> <span class='ocrx_word' id='word_1_175' title='bbox 613 1772 764 1836; x_wconf 81' lang='lat' dir='ltr'>(corr.</span> <span class='ocrx_word' id='word_1_176' title='bbox 793 1788 816 1820; x_wconf 83' lang='lat' dir='ltr'>a</span> <span class='ocrx_word' id='word_1_177' title='bbox 848 1787 911 1821; x_wconf 89' lang='lat' dir='ltr'>m.</span> <span class='ocrx_word' id='word_1_178' title='bbox 941 1787 1039 1820; x_wconf 85' lang='lat' dir='ltr'>sec.</span> <span class='ocrx_word' id='word_1_179' title='bbox 1069 1773 1119 1820; x_wconf 90' lang='lat' dir='ltr'>in</span> <span class='ocrx_word' id='word_1_180' title='bbox 1147 1771 1286 1836; x_wconf 80' lang='lat' dir='ltr'>quos)</span> <span class='ocrx_word' id='word_1_181' title='bbox 1315 1785 1495 1820; x_wconf 86' lang='lat' dir='ltr'>numae</span> <span class='ocrx_word' id='word_1_182' title='bbox 1520 1774 1695 1820; x_wconf 84' lang='lat' dir='ltr'>multos</span> <span class='ocrx_word' id='word_1_183' title='bbox 1721 1771 1874 1835; x_wconf 81' lang='lat' dir='ltr'>(corr.</span> <span class='ocrx_word' id='word_1_184' title='bbox 1953 1779 1982 1835; x_wconf 66' lang='lat' dir='ltr'>‘j</span> 
     </span>
     <span class='ocr_line' id='line_1_22' title="bbox 261 1855 1898 1920; baseline -0.002 -14"><span class='ocrx_word' id='word_1_185' title='bbox 261 1873 284 1906; x_wconf 82' lang='lat' dir='ltr'>a</span> <span class='ocrx_word' id='word_1_186' title='bbox 324 1873 390 1906; x_wconf 90' lang='lat' dir='ltr'>m.</span> <span class='ocrx_word' id='word_1_187' title='bbox 428 1858 765 1907; x_wconf 79' lang='lat' dir='ltr'>recentissima</span> <span class='ocrx_word' id='word_1_188' title='bbox 811 1857 862 1906; x_wconf 89' lang='lat' dir='ltr'>in</span> <span class='ocrx_word' id='word_1_189' title='bbox 897 1855 1098 1920; x_wconf 84' lang='lat' dir='ltr'>multus)</span> <span class='ocrx_word' id='word_1_190' title='bbox 1147 1870 1402 1906; x_wconf 81' lang='lat' dir='ltr'>successor</span> <span class='ocrx_word' id='word_1_191' title='bbox 1436 1856 1629 1904; x_wconf 89' lang='lat' dir='ltr'>indicat</span> <span class='ocrx_word' id='word_1_192' title='bbox 1661 1859 1775 1916; x_wconf 57' lang='lat' dir='ltr'>quis</span> <span class='ocrx_word' id='word_1_193' title='bbox 1821 1856 1898 1904; x_wconf 83' lang='lat' dir='ltr'>in.</span> 
     </span>
    </p>
   </div>
   <div class='ocr_carea' id='block_1_16' title="bbox 259 1940 1876 2087">
    <p class='ocr_par' dir='ltr' id='par_1_16' title="bbox 259 1940 1876 2087">
     <span class='ocr_line' id='line_1_23' title="bbox 263 1940 1876 2011; baseline -0.001 -22"><span class='ocrx_word' id='word_1_194' title='bbox 263 1942 415 2005; x_wconf 84' lang='lat' dir='ltr'>Regio</span> <span class='ocrx_word' id='word_1_195' title='bbox 453 1945 562 2002; x_wconf 81' lang='lat' dir='ltr'>quis</span> <span class='ocrx_word' id='word_1_196' title='bbox 597 1956 741 1990; x_wconf 67' lang='lat' dir='ltr'>nme</span> <span class='ocrx_word' id='word_1_197' title='bbox 787 1940 953 2004; x_wconf 85' lang='lat' dir='ltr'>(nume</span> <span class='ocrx_word' id='word_1_198' title='bbox 986 1955 1118 1990; x_wconf 84' lang='lat' dir='ltr'><strong>man.</strong></span> <span class='ocrx_word' id='word_1_199' title='bbox 1147 1940 1270 2011; x_wconf 75' lang='lat' dir='ltr'>sec.)</span> <span class='ocrx_word' id='word_1_200' title='bbox 1307 1943 1487 1989; x_wconf 85' lang='lat' dir='ltr'>multus</span> <span class='ocrx_word' id='word_1_201' title='bbox 1514 1954 1767 1989; x_wconf 86' lang='lat' dir='ltr'>successor</span> <span class='ocrx_word' id='word_1_202' title='bbox 1790 1943 1876 1989; x_wconf 87' lang='lat' dir='ltr'>in·-</span> 
     </span>
     <span class='ocr_line' id='line_1_24' title="bbox 259 2021 1873 2087; baseline -0.002 -12"><span class='ocrx_word' id='word_1_203' title='bbox 259 2028 460 2075; x_wconf 85' lang='lat' dir='ltr'>dicatur</span> <span class='ocrx_word' id='word_1_204' title='bbox 485 2029 598 2086; x_wconf 83' lang='lat' dir='ltr'>qui,·</span> <span class='ocrx_word' id='word_1_205' title='bbox 623 2026 672 2072; x_wconf 91' lang='lat' dir='ltr'>in</span> <span class='ocrx_word' id='word_1_206' title='bbox 694 2025 962 2087; x_wconf 84' lang='lat' dir='ltr'>Reginensi</span> <span class='ocrx_word' id='word_1_207' title='bbox 991 2021 1124 2072; x_wconf 91' lang='grc'><strong>1987</strong></span> <span class='ocrx_word' id='word_1_208' title='bbox 1154 2027 1264 2086; x_wconf 84' lang='lat' dir='ltr'>quis</span> <span class='ocrx_word' id='word_1_209' title='bbox 1283 2039 1485 2073; x_wconf 84' lang='lat' dir='ltr'>numece</span> <span class='ocrx_word' id='word_1_210' title='bbox 1512 2023 1632 2087; x_wconf 86' lang='lat' dir='ltr'>(cor.</span> <span class='ocrx_word' id='word_1_211' title='bbox 1655 2023 1714 2072; x_wconf 82' lang='lat' dir='ltr'>al.</span> <span class='ocrx_word' id='word_1_212' title='bbox 1738 2039 1802 2074; x_wconf 90' lang='lat' dir='ltr'>m.</span> <span class='ocrx_word' id='word_1_213' title='bbox 1824 2025 1873 2073; x_wconf 88' lang='lat' dir='ltr'>in</span> 
     </span>
    </p>
   </div>
   <div class='ocr_carea' id='block_1_17' title="bbox 260 2100 1982 2184">
    <p class='ocr_par' dir='ltr' id='par_1_17' title="bbox 260 2100 1982 2184">
     <span class='ocr_line' id='line_1_25' title="bbox 260 2100 1982 2184; baseline 0.002 -26"><span class='ocrx_word' id='word_1_214' title='bbox 260 2109 427 2184; x_wconf 69' lang='lat' dir='ltr'>nume)</span> <span class='ocrx_word' id='word_1_215' title='bbox 466 2113 645 2157; x_wconf 85' lang='lat' dir='ltr'>multus</span> <span class='ocrx_word' id='word_1_216' title='bbox 680 2122 933 2157; x_wconf 87' lang='lat' dir='ltr'>successor</span> <span class='ocrx_word' id='word_1_217' title='bbox 968 2109 1160 2157; x_wconf 85' lang='lat' dir='ltr'>indicat</span> <span class='ocrx_word' id='word_1_218' title='bbox 1193 2112 1279 2169; x_wconf 80' lang='lat' dir='ltr'>qui</span> <span class='ocrx_word' id='word_1_219' title='bbox 1288 2126 1305 2164; x_wconf 92' lang='lat'>‚·</span> <span class='ocrx_word' id='word_1_220' title='bbox 1343 2109 1394 2155; x_wconf 93' lang='lat' dir='ltr'>in</span> <span class='ocrx_word' id='word_1_221' title='bbox 1428 2107 1697 2171; x_wconf 87' lang='lat' dir='ltr'>Reginensi</span> <span class='ocrx_word' id='word_1_222' title='bbox 1737 2105 1874 2158; x_wconf 86' lang='lat'>1535</span> <span class='ocrx_word' id='word_1_223' title='bbox 1943 2100 1982 2161; x_wconf 74' lang='lat'>¹³:</span> 
     </span>
    </p>
   </div>
   <div class='ocr_carea' id='block_1_18' title="bbox 251 2191 1881 2592">
    <p class='ocr_par' dir='ltr' id='par_1_18' title="bbox 251 2191 1881 2592">
     <span class='ocr_line' id='line_1_26' title="bbox 260 2191 1874 2257; baseline -0.002 -14"><span class='ocrx_word' id='word_1_224' title='bbox 260 2197 368 2256; x_wconf 81' lang='lat' dir='ltr'>quis</span> <span class='ocrx_word' id='word_1_225' title='bbox 394 2208 574 2242; x_wconf 86' lang='lat' dir='ltr'>numae</span> <span class='ocrx_word' id='word_1_226' title='bbox 602 2192 802 2257; x_wconf 77' lang='lat' dir='ltr'>(numae</span> <span class='ocrx_word' id='word_1_227' title='bbox 828 2208 852 2241; x_wconf 81' lang='lat' dir='ltr'>a</span> <span class='ocrx_word' id='word_1_228' title='bbox 882 2206 947 2241; x_wconf 87' lang='lat' dir='ltr'>m.</span> <span class='ocrx_word' id='word_1_229' title='bbox 976 2207 1074 2240; x_wconf 83' lang='lat' dir='ltr'>ree.</span> <span class='ocrx_word' id='word_1_230' title='bbox 1105 2194 1343 2257; x_wconf 81' lang='lat' dir='ltr'>scriptum</span> <span class='ocrx_word' id='word_1_231' title='bbox 1382 2198 1455 2240; x_wconf 78' lang='lat' dir='ltr'>est</span> <span class='ocrx_word' id='word_1_232' title='bbox 1485 2198 1537 2240; x_wconf 86' lang='lat' dir='ltr'>ut</span> <span class='ocrx_word' id='word_1_233' title='bbox 1563 2191 1676 2255; x_wconf 88' lang='lat' dir='ltr'>quid</span> <span class='ocrx_word' id='word_1_234' title='bbox 1703 2191 1874 2255; x_wconf 86' lang='lat' dir='ltr'>primi-</span> 
     </span>
     <span class='ocr_line' id='line_1_27' title="bbox 258 2276 1875 2342; baseline -0.001 -15"><span class='ocrx_word' id='word_1_235' title='bbox 258 2286 336 2328; x_wconf 82' lang='lat' dir='ltr'>tus</span> <span class='ocrx_word' id='word_1_236' title='bbox 374 2278 522 2327; x_wconf 83' lang='lat' dir='ltr'>suerit</span> <span class='ocrx_word' id='word_1_237' title='bbox 558 2278 727 2342; x_wconf 82' lang='lat' dir='ltr'>dispici</span> <span class='ocrx_word' id='word_1_238' title='bbox 763 2291 861 2325; x_wconf 89' lang='lat' dir='ltr'>non</span> <span class='ocrx_word' id='word_1_239' title='bbox 899 2276 1133 2341; x_wconf 75' lang='lat' dir='ltr'>potuerit)</span> <span class='ocrx_word' id='word_1_240' title='bbox 1172 2280 1352 2325; x_wconf 83' lang='lat' dir='ltr'>multus</span> <span class='ocrx_word' id='word_1_241' title='bbox 1395 2290 1648 2326; x_wconf 82' lang='lat' dir='ltr'>successor</span> <span class='ocrx_word' id='word_1_242' title='bbox 1681 2277 1875 2326; x_wconf 85' lang='lat' dir='ltr'>indicat</span> 
     </span>
     <span class='ocr_line' id='line_1_28' title="bbox 259 2359 1881 2426; baseline -0.001 -14"><span class='ocrx_word' id='word_1_243' title='bbox 259 2367 357 2424; x_wconf 78' lang='lat' dir='ltr'>qui.</span> <span class='ocrx_word' id='word_1_244' title='bbox 390 2391 447 2397; x_wconf 91' lang='lat'>—</span> <span class='ocrx_word' id='word_1_245' title='bbox 483 2359 712 2426; x_wconf 77' lang='lat' dir='ltr'>p.20,3o</span> <span class='ocrx_word' id='word_1_246' title='bbox 737 2363 786 2410; x_wconf 85' lang='lat' dir='ltr'>in</span> <span class='ocrx_word' id='word_1_247' title='bbox 813 2361 1061 2409; x_wconf 70' lang='lat' dir='ltr'>Puteaneo</span> <span class='ocrx_word' id='word_1_248' title='bbox 1087 2362 1368 2410; x_wconf 86' lang='lat' dir='ltr'>cottidianis</span> <span class='ocrx_word' id='word_1_249' title='bbox 1392 2361 1596 2409; x_wconf 85' lang='lat' dir='ltr'>motibus</span> <span class='ocrx_word' id='word_1_250' title='bbox 1620 2363 1881 2421; x_wconf 66' lang='lat' dir='ltr'>acitarent</span> 
     </span>
     <span class='ocr_line' id='line_1_29' title="bbox 251 2444 1873 2512; baseline -0.002 -15"><span class='ocrx_word' id='word_1_251' title='bbox 251 2450 384 2512; x_wconf 76' lang='lat' dir='ltr'>pede</span> <span class='ocrx_word' id='word_1_252' title='bbox 410 2450 483 2496; x_wconf 88' lang='lat' dir='ltr'>ire</span> <span class='ocrx_word' id='word_1_253' title='bbox 503 2447 776 2506; x_wconf 81' lang='lat' dir='ltr'>formantis</span> <span class='ocrx_word' id='word_1_254' title='bbox 809 2448 1009 2507; x_wconf 81' lang='lat' dir='ltr'>speculo</span> <span class='ocrx_word' id='word_1_255' title='bbox 1034 2446 1311 2502; x_wconf 84' lang='lat' dir='ltr'>relucebat,·</span> <span class='ocrx_word' id='word_1_256' title='bbox 1349 2446 1398 2492; x_wconf 86' lang='lat' dir='ltr'>in</span> <span class='ocrx_word' id='word_1_257' title='bbox 1427 2444 1873 2506; x_wconf 82' lang='lat' dir='ltr'>Regio‘cotidianis</span> 
     </span>
     <span class='ocr_line' id='line_1_30' title="bbox 257 2530 1871 2592; baseline -0.001 -11"><span class='ocrx_word' id='word_1_258' title='bbox 257 2534 461 2582; x_wconf 82' lang='lat' dir='ltr'>motibus</span> <span class='ocrx_word' id='word_1_259' title='bbox 495 2534 747 2592; x_wconf 73' lang='lat' dir='ltr'>ayitarent</span> <span class='ocrx_word' id='word_1_260' title='bbox 772 2531 906 2591; x_wconf 86' lang='lat' dir='ltr'>pede</span> <span class='ocrx_word' id='word_1_261' title='bbox 945 2533 1019 2578; x_wconf 88' lang='lat' dir='ltr'>ire</span> <span class='ocrx_word' id='word_1_262' title='bbox 1051 2530 1318 2589; x_wconf 82' lang='lat' dir='ltr'>formantis</span> <span class='ocrx_word' id='word_1_263' title='bbox 1359 2533 1559 2592; x_wconf 83' lang='lat' dir='ltr'>speculo</span> <span class='ocrx_word' id='word_1_264' title='bbox 1591 2530 1844 2589; x_wconf 79' lang='lat' dir='ltr'>relucebat</span> <span class='ocrx_word' id='word_1_265' title='bbox 1851 2548 1871 2588; x_wconf 80' lang='lat'>‚-</span> 
     </span>
    </p>
   </div>
   <div class='ocr_carea' id='block_1_19' title="bbox 258 2612 1874 2680">
    <p class='ocr_par' dir='ltr' id='par_1_19' title="bbox 258 2600 1982 2682">
     <span class='ocr_line' id='line_1_31' title="bbox 258 2612 1874 2680; baseline 0.001 -16"><span class='ocrx_word' id='word_1_266' title='bbox 258 2618 306 2665; x_wconf 92' lang='lat' dir='ltr'>in</span> <span class='ocrx_word' id='word_1_267' title='bbox 357 2617 622 2680; x_wconf 85' lang='lat' dir='ltr'>Reginensi</span> <span class='ocrx_word' id='word_1_268' title='bbox 675 2612 810 2664; x_wconf 89' lang='grc'><strong>1987</strong></span> <span class='ocrx_word' id='word_1_269' title='bbox 860 2617 1122 2664; x_wconf 76' lang='lat' dir='ltr'>cotidianis</span> <span class='ocrx_word' id='word_1_270' title='bbox 1170 2616 1375 2666; x_wconf 82' lang='lat' dir='ltr'>motibus</span> <span class='ocrx_word' id='word_1_271' title='bbox 1427 2617 1681 2675; x_wconf 70' lang='lat' dir='ltr'>aqitarent</span> <span class='ocrx_word' id='word_1_272' title='bbox 1725 2616 1874 2677; x_wconf 72' lang='lat' dir='ltr'>pidet·</span> 
     </span>
    </p>
   </div>
   <div class='ocr_carea' id='block_1_20' title="bbox 258 2699 1868 2848">
    <p class='ocr_par' dir='ltr' id='par_1_20' title="bbox 258 2699 1868 2848">
     <span class='ocr_line' id='line_1_32' title="bbox 261 2699 1868 2764; baseline 0.001 -16"><span class='ocrx_word' id='word_1_273' title='bbox 261 2700 411 2763; x_wconf 77' lang='lat' dir='ltr'>(corr.</span> <span class='ocrx_word' id='word_1_274' title='bbox 451 2716 550 2750; x_wconf 80' lang='lat' dir='ltr'>rec.</span> <span class='ocrx_word' id='word_1_275' title='bbox 589 2717 652 2749; x_wconf 89' lang='lat' dir='ltr'>m.</span> <span class='ocrx_word' id='word_1_276' title='bbox 701 2701 750 2748; x_wconf 91' lang='lat' dir='ltr'>in</span> <span class='ocrx_word' id='word_1_277' title='bbox 779 2699 948 2764; x_wconf 71' lang='lat' dir='ltr'>pedet)</span> <span class='ocrx_word' id='word_1_278' title='bbox 986 2700 1312 2759; x_wconf 84' lang='lat' dir='ltr'>reformantis</span> <span class='ocrx_word' id='word_1_279' title='bbox 1354 2702 1553 2760; x_wconf 82' lang='lat' dir='ltr'>speculo</span> <span class='ocrx_word' id='word_1_280' title='bbox 1586 2700 1868 2756; x_wconf 82' lang='lat' dir='ltr'>relucebat,-</span> 
     </span>
     <span class='ocr_line' id='line_1_33' title="bbox 258 2781 1867 2848; baseline -0.001 -15"><span class='ocrx_word' id='word_1_281' title='bbox 258 2786 307 2834; x_wconf 88' lang='lat' dir='ltr'>in</span> <span class='ocrx_word' id='word_1_282' title='bbox 333 2785 599 2848; x_wconf 85' lang='lat' dir='ltr'>Reginensi</span> <span class='ocrx_word' id='word_1_283' title='bbox 629 2781 765 2835; x_wconf 83' lang='grc'><strong>1535</strong></span> <span class='ocrx_word' id='word_1_284' title='bbox 790 2785 1090 2846; x_wconf 81' lang='lat' dir='ltr'>quotidianis</span> <span class='ocrx_word' id='word_1_285' title='bbox 1114 2785 1319 2833; x_wconf 86' lang='lat' dir='ltr'>motibus</span> <span class='ocrx_word' id='word_1_286' title='bbox 1343 2787 1593 2844; x_wconf 70' lang='lat' dir='ltr'>aqitarent</span> <span class='ocrx_word' id='word_1_287' title='bbox 1614 2783 1757 2845; x_wconf 85' lang='lat' dir='ltr'>pidei</span> <span class='ocrx_word' id='word_1_288' title='bbox 1777 2797 1867 2831; x_wconf 88' lang='lat' dir='ltr'>re-</span> 
     </span>
    </p>
   </div>
   <div class='ocr_carea' id='block_1_21' title="bbox 254 2865 1917 2931">
    <p class='ocr_par' dir='ltr' id='par_1_21' title="bbox 254 2865 1917 2931">
     <span class='ocr_line' id='line_1_34' title="bbox 254 2865 1917 2931; baseline -0.002 -14"><span class='ocrx_word' id='word_1_289' title='bbox 254 2869 525 2929; x_wconf 84' lang='lat' dir='ltr'>formantis</span> <span class='ocrx_word' id='word_1_290' title='bbox 562 2873 760 2931; x_wconf 81' lang='lat' dir='ltr'>speculo</span> <span class='ocrx_word' id='word_1_291' title='bbox 793 2870 1059 2919; x_wconf 83' lang='lat' dir='ltr'>relucebat.</span> <span class='ocrx_word' id='word_1_292' title='bbox 1096 2895 1165 2905; x_wconf 92' lang='lat'>—-</span> <span class='ocrx_word' id='word_1_293' title='bbox 1206 2883 1254 2931; x_wconf 88' lang='lat' dir='ltr'>p.</span> <span class='ocrx_word' id='word_1_294' title='bbox 1291 2866 1376 2924; x_wconf 81' lang='lat'>47,</span> <span class='ocrx_word' id='word_1_295' title='bbox 1415 2865 1484 2915; x_wconf 72' lang='lat'>522</span> <span class='ocrx_word' id='word_1_296' title='bbox 1530 2869 1580 2916; x_wconf 87' lang='lat' dir='ltr'>in</span> <span class='ocrx_word' id='word_1_297' title='bbox 1619 2867 1864 2917; x_wconf 80' lang='lat' dir='ltr'>Puteaneo</span> <span class='ocrx_word' id='word_1_298' title='bbox 1914 2876 1917 2877; x_wconf 71' lang='grc'>’</span> 
     </span>
    </p>
   </div>
  </div>
 </body>
</html>
