1982 3230
335 113 623 156 xxxxvm
679 111 1026 154 PRAEFATIO
1047 112 1113 153 IN
1132 111 1500 154 MARTIANVM
1521 111 1851 155 OAPELLAM
1938 89 1943 92 ’
1964 106 1982 115 ”

337 241 585 306 posuisset
617 243 747 290 sicut
781 240 1028 288 suadebat
1062 239 1276 288 Etruria
1309 267 1406 296 --,
1455 239 1550 287 nisi
1584 239 1953 306 obloquendum

338 325 590 374 uideretur
625 323 817 387 Koppio
853 322 1058 372 Arnobii
1092 322 1253 372 locum
1295 322 1362 388 (II
1397 320 1488 389 62)
1533 339 1559 373 a
1594 323 1832 374 Martiano
1868 340 1951 376 ex-

339 409 578 471 scriptum
611 408 762 457 fuisse
798 415 922 457 rat0.
986 408 1034 456 in
1062 407 1267 457 Arnobii
1305 409 1432 456 enim
1468 407 1577 457 loco
1616 408 1678 458 de
1702 409 1854 459 Vedio
1887 423 1952 459 ne

338 492 549 542 uerbum
579 492 773 557 quidem
812 491 1016 556 legitur,
1068 498 1233 541 tamen
1279 507 1390 541 cum
1427 497 1528 542 tota
1561 507 1643 542 res
1677 507 1835 557 prope
1870 508 1952 544 ac-

341 576 483 626 cedat
534 577 594 626 ad
633 593 687 626 ea
726 592 852 641 quae
887 577 1155 626 Martianus
1209 578 1370 626 innuit
1417 576 1732 627 manifestum
1783 583 1857 628 est
1905 585 1954 628 et

338 660 609 710 Arnobium
664 666 710 710 et
759 661 1054 711 Martianum
1107 677 1165 710 ex
1226 660 1319 709 alio
1371 660 1533 726 aliquo
1585 666 1786 711 auctore
1834 663 1952 712 hau·

339 748 478 794 sisse.
543 746 591 794 in
634 747 703 795 eis
746 760 871 809 quae
910 747 1133 810 proxime
1169 751 1403 795 secuntur
1439 748 1599 796 Phasi
1631 749 1763 796 senis
1797 747 1953 796 mani-

339 829 464 878 festo
503 838 791 895 corruptum
830 837 925 887 est;
963 830 1049 879 sed
1076 835 1207 880 certa
1245 831 1523 880 emendatio
1551 829 1684 879 nulla
1709 831 1761 879 in
1786 845 1953 895 prom-

339 919 427 978 ptu
456 920 542 963 est.

483 1000 609 1048 Tum
637 1013 762 1062 quae
788 1014 835 1062 p.
864 997 949 1056 42,
979 997 1011 1048 6
1045 998 1317 1061 Philologia
1354 999 1498 1049 docte
1522 1000 1722 1049 Iunonis
1755 1001 1955 1049 nomina

342 1089 597 1132 enumerat
625 1098 679 1132 ea
717 1085 879 1132 omnia
904 1085 1176 1133 Varronem
1213 1083 1556 1148 suppeditasae
1580 1086 1691 1132 ueri
1718 1082 1875 1134 simile
1900 1084 1956 1134 fit

342 1182 401 1216 ex
423 1168 656 1216 Varronis
683 1183 808 1232 quae
827 1169 1128 1231 Augustinus
1154 1168 1372 1218 seruauit
1398 1168 1698 1231 fragmentis
1752 1183 1868 1218 nam
1894 1167 1955 1219 de

343 1253 434 1300 eiu.
465 1251 542 1299 dei
568 1252 651 1301 VII
677 1250 709 1301 3
745 1254 991 1301 ‘omnium
1017 1252 1387 1316 purgandorum
1427 1259 1474 1302 et
1500 1253 1851 1316 pariendorum
1876 1253 1955 1303 Iu-

341 1350 525 1385 nonem
561 1343 609 1385 et
644 1336 754 1385 ideo
789 1352 896 1385 eam
923 1352 1023 1385 non
1051 1337 1222 1386 deesse
1258 1336 1632 1400 purgationibus
1659 1337 1954 1387 feminarum

343 1426 391 1468 et
424 1420 663 1484 partubus
700 1421 994 1470 hominum.’
1049 1421 1200 1470 ‘Iuno
1239 1421 1419 1470 selecta
1458 1427 1505 1470 et
1529 1423 1696 1485 regina
1724 1421 1954 1487 Iouisque

342 1519 484 1553 soror
529 1510 576 1553 et
612 1506 850 1562 coniunx,
902 1506 1024 1555 haec
1058 1513 1221 1555 tamen
1259 1508 1540 1556 Interdum
1586 1512 1658 1555 est
1700 1507 1872 1570 pueris
1906 1512 1970 1574 et⁴

343 1604 467 1652 opus
494 1588 608 1637 facit
634 1603 746 1638 eum
775 1589 960 1639 deabus
994 1590 1364 1655 ignobilissimis
1390 1593 1598 1641 Abeona
1626 1596 1675 1640 et
1699 1592 1951 1641 Athona)

342 1675 357 1698 ³
370 1673 571 1735 ponitur
617 1679 777 1722 autem
822 1674 943 1724 Iuno
987 1676 1099 1739 quia
1141 1677 1423 1726 Interdum
1468 1682 1539 1724 est
1586 1682 1633 1725 et
1670 1676 1955 1726 Domiduca

344 1758 564 1819 quasi..³
604 1765 684 1807 ctt.
750 1764 968 1808 ceterum
1014 1761 1064 1808 in
1102 1760 1327 1809 Martiani
1361 1759 1529 1809 uerbis
1566 1759 1687 1810 nihil
1724 1766 1829 1809 erat
1865 1775 1954 1810 cur

342 1840 563 1905 Koppius
598 1842 659 1891 de
687 1844 920 1893 Cinxz'am
955 1843 1217 1893 scribendo
1254 1844 1524 1894 dubitaret:
1563 1860 1669 1894 rem
1708 1844 1955 1908 expediuit

344 1925 531 1975 dudum
577 1940 722 1989 quem
767 1927 989 1991 Koppius
1033 1943 1134 1978 non
1175 1930 1387 1993 inspexit
1427 1929 1708 1980 Brissonius
1750 1929 1812 1979 de
1853 1930 1955 1978 ritu

343 2011 628 2073 nuptiarum
653 2025 703 2073 p.
731 2008 800 2060 43
827 2025 899 2074 sq.
933 2012 1024 2075 (ed.
1052 2012 1317 2062 Amstelod.
1349 2011 1518 2077 1662).

485 2093 555 2142 De
595 2093 704 2143 loco
750 2096 1041 2157 grauissimo
1085 2096 1167 2159 qui
1209 2103 1282 2145 est
1323 2112 1370 2159 p.
1410 2095 1496 2154 42,
1542 2095 1608 2148 27
1653 2127 1718 2134 -
1755 2095 1842 2156 45,
1885 2095 1956 2148 30

343 2178 616 2227 rectissime
642 2177 879 2227 iudicauit
903 2178 1189 2229 Krahnerus
1219 2181 1295 2246 (de
1316 2182 1453 2230 Varr.
1476 2181 1593 2246 phil.
1622 2197 1670 2245 p.
1690 2179 1778 2246 24)
1806 2185 1953 2246 ‘quae

346 2263 508 2310 omnia
539 2261 655 2326 (scil.
688 2261 726 2326 ἓ
755 2260 856 2312 140
881 2262 970 2335 sq.)
999 2265 1301 2314 Varroniana
1330 2280 1436 2314 esse
1463 2267 1778 2316 contentione
1812 2267 1953 2316 insti·

343 2352 447 2394 tuta
475 2360 585 2395 cum
613 2346 904 2395 Tertulliani
931 2353 978 2396 et
1003 2349 1261 2412 Augustini
1295 2350 1627 2400 notationibus
1661 2350 1951 2414 intellegen-

348 2436 419 2479 tes
445 2429 586 2479 facile
622 2432 958 2494 perspicient.'
1010 2432 1146 2480 addit
1172 2433 1233 2482 de
1259 2434 1552 2484 Semonibus
1585 2442 1780 2499 patrum
1815 2435 1953 2486 locos

345 2513 641 2563 simillimos:
672 2516 815 2564 etiam
844 2514 1117 2565 doctrinam
1146 2517 1206 2566 de
1233 2518 1416 2582 Tagete
1437 2520 1646 2568 Varroni
1671 2519 1962 2569 adiudican-'

347 2598 456 2647 dam
504 2613 610 2649 esse
647 2604 829 2648 censet.
907 2601 1026 2664 quin
1062 2602 1204 2649 etiam
1245 2603 1294 2650 in
1329 2604 1663 2653 varronianae
1700 2604 1951 2653 doctrinae

280 2745 282 2747 v
345 2681 564 2747 reliquiis
589 2684 639 2731 ni
660 2682 802 2732 fallor
828 2698 882 2732 ea
908 2683 1138 2746 leguntur
1160 2701 1284 2749 quae
1310 2687 1432 2737 haec
1460 2704 1519 2737 ex
1539 2690 1762 2738 Varrone
1787 2689 1948 2738 omnia

346 2768 665 2831 transscripta
692 2782 799 2817 esse
826 2768 1141 2818 disertissime
1167 2771 1395 2833 probant.
1449 2774 1678 2822 nimirum
1706 2787 1852 2837 quem
1876 2771 1950 2822 lo-

324 2907 327 2911 ·
349 2863 459 2897 cum
487 2857 627 2901 antea
654 2853 893 2919 adscripsi
921 2854 982 2917 (p.
1008 2853 1223 2919 XXXIII)
1252 2856 1293 2904 is
1319 2871 1435 2906 sane
1462 2856 1708 2921 aliquanto
1735 2857 1899 2907 differt
1923 2871 1949 2906 a
