1982 3230
2 0 85 54 F
754 62 941 106 1213ssss
969 62 1110 107 v1111
1628 64 1734 118 355

124 204 240 256 lium
269 204 635 255 tetrachordum
668 211 716 254 et
752 204 1120 255 tetrachordum
1157 205 1546 256 coniunctarum.
1622 214 1733 271 post
1763 215 1846 256 943

125 291 274 341 supra
302 275 454 325 dictas
480 281 645 324 autem
671 289 797 339 quae
825 276 1046 339 sequitur
1074 275 1233 325 media
1259 277 1566 326 nominatur:
1604 292 1732 343 quae

123 347 233 396 ideo
259 344 419 396 media
446 344 650 399 dicitur,
690 346 804 410 quia
833 350 929 394 tam
957 346 1122 408 grauis
1149 346 1282 396 modi
1320 347 1430 396 finis
1458 353 1554 402 est,
1583 362 1730 412 quam

123 417 172 465 in
199 416 351 480 tropis
377 414 606 464 omnibus
632 415 784 465 futuri
811 417 1048 465 acuminis
1074 424 1235 480 caput,
1263 422 1408 481 atque
1434 418 1590 481 ipsius
1610 434 1729 483 quo-

78 499 100 531 5
123 486 234 536 dam
269 485 415 534 modo
441 485 640 534 uinculo
667 494 765 535 tam
803 487 968 550 grauis
1004 485 1274 535 modulatio
1303 502 1450 551 quam
1478 493 1620 537 acuta
1648 504 1731 538 co-

121 556 356 612 nectitur,
383 562 438 604 ut
463 556 511 604 in
539 556 693 621 Lydio
721 557 895 612 modo,
923 555 1009 605 ubi
1035 561 1225 606 rectum
1261 557 1359 605 iota
1387 563 1475 606 est.
1553 573 1727 608 uerum

121 630 232 690 post
256 625 467 674 mediam
495 626 840 676 extendentem
867 625 1192 675 hemitonium
1229 627 1607 677 coniunctarum
1635 631 1730 679 erit

120 697 286 754 tertia,
316 711 440 761 quae
466 697 515 745 in
543 696 716 745 eodem
743 695 907 750 modo,
936 696 986 745 id
1012 703 1087 746 est
1113 696 1289 760 Lydio,
1331 698 1371 746 L
1396 696 1609 747 litteram
1635 713 1727 762 pro

118 771 232 816 nota
258 765 472 816 habebit.
545 772 656 830 post
691 766 819 816 hanc
854 765 967 816 illae
994 782 1119 832 quae
1158 782 1182 815 a
1211 767 1352 816 nobis
1389 769 1617 832 superius
1644 785 1726 819 ex·

54 850 96 884 ιο
117 851 319 902 pressae
354 843 470 888 sunt
504 842 607 886 tres
653 843 922 901 sequentur
959 835 1278 901 ἐναρμόνιος
1315 837 1645 901 χρωματικόε
1682 848 1729 890 et

117 906 391 965 διάτονοε,
430 922 558 972 quae
587 914 634 956 et
667 914 903 972 paranete
941 908 1144 964 dicitur,
1183 922 1327 973 quam
1363 908 1532 959 Latine
1569 925 1727 974 paene

117 977 337 1027 ultimam
372 977 709 1042 perhibemus.
786 983 897 1041 post
931 993 1077 1043 quam
1117 977 1284 1027 ultima
1324 980 1563 1036 sociatur,
1602 995 1727 1044 quae

116 1047 228 1097 ideo
270 1048 396 1097 dicta
434 1054 509 1097 est
553 1049 925 1097 coniunctarum
973 1048 1170 1104 ultima,
1214 1050 1326 1112 quia
1363 1050 1412 1098 in
1448 1049 1544 1098 hoc
1578 1055 1727 1100 tetra-

117 1118 303 1167 chordo
330 1118 479 1167 finem
506 1124 653 1168 tenet.
730 1134 876 1168 omne
912 1125 1072 1168 autem
1109 1119 1483 1169 tetrachordum
1521 1122 1726 1171 coniun-

53 1203 93 1235 15
118 1196 306 1238 ctarum
343 1188 452 1238 ideo
484 1188 700 1245 dictum,
740 1190 851 1252 quia
889 1190 1080 1239 mediae
1119 1191 1242 1254 ipsi,
1286 1205 1412 1254 quae
1454 1191 1727 1255 perfectam

115 1259 454 1324 symphoniam
490 1260 651 1323 prima
690 1258 964 1323 conpleuit,
1005 1260 1288 1323 adiungitur
1325 1275 1382 1308 ac
1418 1261 1726 1325 producente

115 1329 276 1379 media
303 1337 592 1394 sequentem
627 1334 798 1378 tonum
829 1328 911 1379 ille
934 1330 1017 1394 qui
1043 1331 1266 1393 sequitur
1294 1344 1448 1379 sonus
1489 1331 1721 1395 παράμε-
1749 1350 1883 1390 3206

115 1413 204 1449 coc
231 1400 526 1456 nominatur,
547 1399 678 1464 quod
699 1399 833 1448 hunc
851 1401 966 1449 satis
987 1401 1266 1464 proximum
1293 1415 1444 1450 sonus
1469 1401 1728 1454 adiunctae

115 1469 459 1519 modulationis
485 1469 714 1519 offendat.
777 1470 956 1520 dehinc
983 1470 1250 1519 diuisarum
1279 1472 1440 1528 tertia,
1469 1487 1595 1536 quae
1620 1473 1725 1538 ple·
1757 1492 1841 1530 944

49 1555 91 1587 20
115 1554 233 1589 num
261 1546 471 1607 systema
498 1540 735 1604 diapason
761 1540 890 1598 finit,
919 1541 1052 1591 unde
1080 1541 1348 1590 diuisarum
1389 1542 1531 1591 tertia
1560 1545 1726 1606 perhi-

114 1609 276 1659 betur.
351 1611 622 1674 posthanc
657 1612 766 1659 soni
804 1612 955 1660 ceteri
993 1617 1339 1661 consecuntur.
1415 1627 1568 1661 sonus
1605 1630 1728 1664 uero

115 1681 383 1730 diuisarum
418 1680 530 1730 ideo
557 1680 652 1730 hoc
686 1695 868 1731 nomen
907 1683 1120 1747 accepit,
1163 1682 1276 1746 quia
1314 1695 1413 1731 uno
1443 1689 1489 1731 et
1525 1683 1726 1735 dimidio

115 1757 231 1800 tono
258 1767 284 1800 a
311 1751 500 1801 mediae
526 1751 623 1800 fine
650 1750 912 1801 diuellitur.
987 1757 1099 1817 post
1123 1751 1219 1801 hoc
1244 1752 1616 1802 tetrachordum
1644 1770 1725 1804 ex·

116 1820 395 1871 cellentium
424 1820 726 1878 conlocatur,
755 1822 884 1885 quod
911 1822 1022 1871 ideo
1045 1821 1291 1873 excellens
1317 1837 1498 1872 nomen
1521 1826 1724 1889 accepit,

50 1906 91 1939 25
115 1893 229 1956 quia
258 1893 308 1941 in
334 1891 539 1956 singulis
564 1893 721 1956 tropis
748 1894 799 1940 in
826 1907 970 1942 omne
997 1907 1204 1942 acumen
1232 1894 1454 1957 erigitur,
1483 1895 1533 1942 in
1561 1895 1724 1959 singu-

36 1984 39 1985 ⁷
113 1961 172 2011 lis
199 1962 617 2012 modulationibus
642 1962 934 2025 fastigiatur.
1008 1963 1187 2012 horum
1214 1964 1361 2027 igitur
1388 1979 1649 2021 sonorum,
1678 1959 1840 2017 111945

115 2039 188 2082 est
227 2033 545 2096 phthongon,
586 2040 700 2082 sunt
734 2032 814 2082 alii
851 2049 974 2097 quos
1009 2036 1279 2083 consistere
1318 2041 1365 2083 et
1400 2049 1727 2098 perseuerare

114 2117 315 2153 necesse
342 2110 428 2160 est,
458 2102 536 2152 alii
563 2119 684 2153 uero
713 2111 825 2152 sunt
852 2105 976 2168 uagi.
1043 2104 1254 2168 denique
1281 2103 1360 2153 alii
1389 2103 1722 2167 βαρύπυκνοι

114 2174 453 2232 nominantur,
482 2173 562 2223 alii
586 2172 909 2237 μεεόπυκνοι
933 2174 1274 2239 perhibentur.
1354 2176 1567 2238 spissum
1596 2191 1719 2225 uero

229 2372 252 2410 7
287 2371 551 2411 emitonium
572 2370 654 2412 BR
682 2369 700 2425 [l
740 2374 765 2412 8
797 2372 843 2411 id
871 2376 942 2412 est
972 2374 1144 2412 inducta
1164 2372 1207 2411 in
1228 2371 1270 2410 B
1355 2370 1598 2411 liitteram
1619 2375 1725 2412 scri-

113 2428 183 2478 psi
211 2425 416 2466 litteram
446 2427 527 2467 BR
557 2426 698 2468 labda
729 2428 938 2480 supinum
969 2429 1110 2469 codex
1134 2428 1272 2468 Grotiz‘
1360 2429 1411 2467 10
1445 2425 1725 2469 ΚΡΟΜΑΤΙ-

118 2482 336 2535 mmm!
370 2483 452 2524 BR
504 2481 889 2527 ΚΡΟΜΑΤΙΚΟΕ
931 2484 955 2523 b
1018 2480 1037 2537 Η
1102 2485 1152 2524 11
1192 2482 1499 2525 ΑΙΑΤΟΝΟΕ
1546 2485 1628 2525 BR
1690 2483 1709 2539 ΙΙ

115 2540 507 2594 poenaeultimam
538 2541 575 2581 R
619 2541 947 2592 poenultimam
978 2554 1002 2579 r
1047 2540 1344 2593 penultimam
1377 2541 1418 2580 B
1466 2538 1484 2595 Η
1536 2542 1588 2581 12
1619 2541 1725 2581 ulti-

114 2610 234 2636 mam
255 2594 356 2637 B¹R
395 2592 413 2649 Η
456 2597 506 2636 15
538 2596 690 2638 media
712 2598 748 2639 R
786 2595 804 2651 ΙΙ
845 2599 896 2637 16
928 2596 1190 2648 synfoniam
1211 2599 1292 2638 BR
1332 2595 1349 2650 ΙΙ
1390 2599 1444 2639 20
1475 2597 1726 2638 diuisarum

115 2653 139 2692 b
186 2653 532 2693 coniunctarum
568 2653 605 2692 R
642 2661 683 2694 et
723 2660 766 2693 ut
797 2655 964 2694 uidetur
999 2652 1041 2691 B
1097 2649 1115 2706 ΙΙ
1172 2655 1227 2694 26
1257 2654 1512 2705 fastigatur
1540 2652 1641 2693 B¹R

115 2711 168 2750 27
201 2714 403 2761 ptongon
435 2708 514 2748 BR
563 2705 580 2761 Η
633 2709 799 2761 aliquis
831 2708 947 2749 B¹R¹
989 2707 1008 2763 Η
1055 2711 1110 2750 28
1144 2709 1536 2753 ΒΑΡΥΠΥΓΝΟΙ
1570 2710 1651 2750 BR

115 2767 170 2807 29
202 2762 604 2809 ΜΕΟΟΠΥΓΝΟΙ
630 2767 671 2806 Β
703 2764 1136 2808 ΜΕΕΟΠΥΓΝΟΥ
1160 2768 1222 2808 R:
1254 2769 1408 2809 deinde
1442 2768 1524 2808 alii
1556 2763 1726 2807 ὀξύπυ-

118 2833 218 2863 κνοι
249 2825 349 2864 add.
373 2825 514 2864 codex
541 2823 679 2864 Grotiz'
716 2821 734 2873 ΙΙ
1644 2848 1647 2849 ’

1273 2892 1340 2945 23
1358 2896 1385 2925 2³<
