1982 3230
287 111 468 152 xxnn
527 109 874 152 PRAEFATIO
907 110 972 151 IN
1002 109 1365 151 MARTIANVM
1396 106 1727 151 CAPELLAM
1778 79 1790 122 ³⁴
1812 75 1965 179 ω’

289 232 465 287 dissert.
538 227 757 302 Koppius
799 237 921 285 haec
969 235 1214 299 inscripsit
1257 235 1776 286 ‘Benedictoburanus
1811 210 1904 288 59.

286 320 372 370 4²⁰.
457 323 495 370 A
531 337 610 370 me
647 320 810 369 littera
845 320 884 369 D
922 321 1163 384 signatus,
1203 320 1358 369 codex
1383 318 1465 368 ille
1503 322 1609 383 ipse
1647 326 1720 369 est
1755 315 1943 386 quem„

289 406 460 454 Pezius
507 405 573 468 (in
610 405 843 454 thesauro
880 404 1103 453 anecdot.
1141 404 1196 452 T.
1225 404 1304 452 111.
1334 404 1384 453 P.
1412 404 1478 452 111
1503 419 1551 468 p.
1579 401 1698 468 619)
1734 404 1907 476 laudat
1976 400 1982 404 ’

288 490 431 553 eique
470 494 658 552 septem
695 489 973 538 seculorum
1016 494 1223 538 aetatem
1268 487 1607 537 adscribit...'
1683 490 1900 553 continet

286 572 317 622 l.
358 573 378 621 Ι
417 578 463 622 et
499 573 539 622 ΙΙ
591 588 702 622 cum
755 573 967 621 scholiis,
1058 573 1283 621 tertius
1333 574 1462 621 inter
1513 573 1645 622 Mon.
1698 571 1779 622 lat.
1829 579 1902 623 est
1975 560 1977 564 ,

286 672 334 705 n.
375 654 570 713 14271,
613 664 753 707 antea
782 658 888 707 Rat.
925 658 972 706 S.
1002 656 1215 705 Emmer.
1243 653 1359 705 271.
1429 657 1650 706 continet
1675 655 1903 707 librum}

183 791 186 794 .
289 748 337 791 et
366 742 407 790 11
434 756 545 790 cum
572 740 745 805 glossis
763 781 775 799 ‚
821 741 1013 806 (Koppii
1033 739 1087 805 B)
1118 747 1166 790 et
1193 742 1238 790 S.
1264 741 1489 804 Gregorii
1515 740 1682 790 homil.
1713 740 1903 791 (refer-
1948 767 1963 799 g

286 830 367 875 tur
394 826 454 875 ad
480 841 608 876 saec.
636 826 737 875 XI.-
770 855 829 862 —
882 826 1048 874 itidem
1076 832 1216 874 antea
1243 825 1543 874 Ratisbonae
1569 826 1618 874 in
1657 825 1903 875 coenobio

291 911 338 959 S.
368 910 524 959 Emm.
557 908 689 975 (401)
730 910 818 959 fuit
845 912 926 974 qui
954 917 1026 959 est
1051 911 1180 959 inter
1207 910 1340 958 Mon.
1379 910 1484 958 cod.
1514 908 1596 958 lat.
1630 924 1678 957 n.
1710 906 1900 959 14401.

291 1000 487 1058 praeter
531 994 754 1043 Martiani
798 994 975 1042 librum
1021 1000 1249 1058 quartum
1294 994 1483 1043 Boethii
1528 994 1706 1058 scripta
1752 1009 1900 1058 quae·
1958 1038 1969 1040 -

292 1079 402 1128 dam
440 1078 779 1143 philosophica
806 1080 1037 1127 continet.
1111 1077 1291 1127 saeculi
1326 1083 1398 1127 est
1422 1078 1487 1127 XI
1512 1084 1596 1127 aut
1620 1078 1685 1135 X,
1724 1078 1902 1142 Koppii

285 1163 339 1211 F.
365 1162 618 1227 ———·Koppi
655 1163 759 1211 cod.
788 1163 826 1211 A
860 1163 1055 1212 uidetur
1093 1177 1198 1211 esse
1234 1163 1340 1212 Rat.
1371 1163 1417 1211 S.
1458 1162 1615 1211 Emm.
1645 1160 1728 1211 70.
1765 1161 1896 1211 Mon.

287 1247 403 1296 Cod.
432 1247 516 1295 lat.
549 1244 721 1296 14070
748 1248 883 1295 uaria
911 1253 958 1295 et
984 1247 1207 1295 Martiani
1232 1247 1338 1296 l.VI
1361 1247 1501 1295 etVIl
1528 1248 1802 1296 continens
1832 1274 1896 1282 -—

269 1330 415 1390 Mon.
443 1331 550 1379 cod.
578 1330 659 1379 lat.
688 1348 735 1395 p.
768 1327 938 1379 14792
977 1331 1118 1393 (saec.
1146 1331 1224 1394 XI)
1255 1329 1436 1394 Koppii
1463 1330 1503 1378 G
1530 1335 1648 1393 puto
1676 1334 1763 1379 est.
1824 1332 1899 1378 in-

286 1421 399 1463 sunt
434 1413 592 1463 libril
633 1421 679 1463 et
718 1415 758 1463 ΙΙ
794 1430 903 1463 cum
945 1415 1314 1463 commentario,
1372 1444 1429 1450 —-
1486 1414 1546 1462 de
1573 1413 1610 1461 E
1647 1415 1729 1477 qui
1764 1412 1900 1462 solus

287 1504 438 1547 restat
464 1499 827 1548 adcuratiorem
855 1499 1074 1547 notitiam
1103 1497 1285 1547 nullam
1313 1497 1501 1547 habeo,

427 1582 711 1646 Lugduni
738 1583 1111 1631 Batauorum
1139 1582 1248 1631 hice
1277 1582 1471 1631 codices
1490 1581 1714 1632 Martiani
1740 1597 1902 1632 asser·
1950 1574 1953 1578 ’

291 1671 472 1716 uantur
499 1667 771 1716 secundum
813 1666 942 1716 ‘Cat
976 1666 1087 1715 libr.
1114 1667 1238 1716 Man.
1270 1668 1351 1731 qui
1376 1667 1491 1717 inde
1518 1665 1578 1716 ab
1606 1681 1733 1714 anno
1763 1663 1898 1716 1741

287 1749 402 1799 bibl.
444 1751 598 1814 Lugd.
638 1752 740 1800 Bat.
795 1766 975 1799 access,
1029 1751 1187 1800 deser.
1237 1753 1330 1801 Iac.
1370 1751 1488 1802 Geel
1528 1748 1694 1800 1852’
1747 1765 1793 1813 p.
1830 1747 1901 1799 89

286 1836 531 1884 ‘Martiani
558 1835 705 1884 Minei
734 1835 910 1885 Felicis
938 1834 1161 1898 Capellae
1191 1836 1250 1884 (le
1279 1837 1461 1899 nuptiis
1489 1834 1791 1897 Pliilologiae
1817 1833 1849 1882 l.
1878 1835 1899 1883 Ι
1976 1864 1979 1865 ⁷

286 1926 335 1969 et
360 1920 401 1967 II
440 1919 487 1983 (f.
516 1916 620 1968 233
649 1936 695 1968 u.
731 1949 787 1955 —-
820 1916 923 1968 269
944 1918 1002 1984 r.)
1040 1920 1300 1983 Inscriptio
1336 1920 1520 1968 recenti
1557 1933 1728 1967 manu:
1770 1918 1898 1967 Mar-

286 2004 452 2052 cianus
496 2003 555 2051 de
594 2004 777 2066 nuptiis
812 2002 1093 2067 philologie.
1171 2004 1209 2052 E
1244 2003 1538 2053 bibliotheca
1577 2003 1812 2053 Coenobii
1848 2003 1898 2053 S.

285 2086 429 2135 Iacob
460 2086 758 2135 LeodiensiS.
811 2087 914 2135 Vid.
961 2088 1063 2136 eius
1101 2087 1247 2135 Catal.
1285 2102 1330 2135 n.
1360 2084 1501 2136 2622
1555 2095 1813 2151 praeterea
1847 2089 1931 2135 in⁷

284 2171 551 2219 uetustiore
601 2169 862 2233 <Catalog0
907 2169 1019 2219 libr.
1059 2178 1157 2218 tam
1203 2173 1431 2234 impress.
1468 2186 1611 2235 quam
1650 2185 1896 2220 manuscr.

287 2253 440 2317 Lugd.
474 2252 607 2303 1716
643 2254 691 2301 hi
719 2254 942 2303 Martiani
979 2254 1091 2303 libri
1126 2261 1575 2304 commemorantur
1610 2253 1688 2318 el)
1719 2270 1764 2319 p.
1793 2251 1899 2305 326

286 2338 511 2387 Martiani
547 2337 607 2385 Μ.
636 2337 687 2386 F.
720 2338 769 2388 C.
834 2339 935 2387 Afri
963 2338 1373 2402 Carthaginiensis
1411 2339 1470 2388 de
1506 2339 1587 2387 VII
1612 2337 1898 2387 liberalibus

287 2421 475 2470 artibus
501 2422 547 2469 in
578 2421 891 2474 membranis.
945 2422 1107 2472 Codex
1135 2424 1514 2487 antiquissimus,
1564 2422 1902 2472 Bibliothecae>
1978 2466 1982 2467 ⁷

288 2506 495 2555 donatus
522 2522 546 2555 a
573 2506 720 2555 Petro
750 2507 1015 2556 ScriueriO.
1071 2504 1206 2556 1606
1244 2508 1362 2571 ipsis
1387 2506 1553 2556 Idibus
1581 2505 1922 2555 Octobribus.'

287 2589 544 2639 Adduntur
581 2590 767 2654 effigies
794 2590 1107 2640 Schematum
1136 2591 1460 2641 Geometriae.
1514 2592 1568 2640 In
1595 2589 1900 2640 membranis

288 2674 391 2722 siue
438 2674 675 2723 columnis
719 2672 803 2725 36.
884 2675 950 2724 Cf.
996 2674 1096 2723 Van
1133 2674 1272 2739 Wyn.
1320 2676 1465 2723 Huisz
1502 2675 1687 2724 Atende
1732 2674 1892 2724 leuen.

283 2756 385 2805 Vol.
429 2758 447 2805 1
502 2774 549 2821 p.
589 2759 652 2807 III
702 2775 747 2822 p.
787 2757 925 2808 270⁹
974 2757 1132 2820 (hunc
1171 2774 1260 2822 ego
1297 2759 1479 2808 librum
1516 2760 1759 2822 inspicere
1792 2771 1894 2806 non
1957 2771 1962 2773 ·

283 2839 454 2904 potui).
510 2841 685 2890 ‘XVIII
721 2842 773 2892 F.
814 2841 898 2892 36.
949 2871 1019 2878 ——
1067 2839 1127 2904 2)
1165 2857 1211 2905 p.
1249 2841 1350 2892 328
1388 2844 1613 2892 Martiani
1646 2842 1707 2891 M.
1744 2841 1798 2890 F.
1836 2841 1890 2891 C.
