1982 3230
282 103 349 156 78
759 102 1058 144 MARTIANI
1087 102 1409 146 CAPELLAE

285 247 450 296 omnia
487 244 683 295 easdem
710 242 1061 294 declinationes
1085 243 1284 294 habent.
1360 245 1525 296 Altera
1550 248 1741 311 species
1765 257 1888 300 neu-

282 325 476 366 trorum
513 321 664 364 estut
699 314 817 364 mel
854 313 963 371 fel,
1004 330 1134 379 ,quae
1169 316 1263 364 hoc
1300 316 1532 366 differunt
1568 333 1595 366 a
1629 320 1888 382 superiore

283 385 610 436 declinatione
653 385 784 450 quod
835 383 1166 449 monosyllaba
1211 394 1325 436 sunt
1370 394 1416 436 et
1459 386 1497 436 L
1540 387 1754 443 litteram
1797 404 1888 453 per

283 455 508 519 obliquos
546 471 690 505 casus
730 457 995 520 geminant.
1073 470 1185 504 nam
1221 457 1271 504 in
1309 458 1611 507 nominatiuo
1639 459 1721 523 qui
1745 458 1785 508 E
1810 458 1886 508 lit-

283 534 389 577 tera
428 526 667 575 finiuntur
693 532 746 574 ut
780 525 1175 589 proconsule
1212 531 1438 583 naturam
1473 529 1704 591 propriae
1742 543 1886 594 prae·
1931 542 1959 575 ⁵

281 597 538 663 positionis
563 598 834 652 intuentur,
855 595 922 662 <p
936 611 999 644 ro
1028 597 1209 659 quippe
1230 595 1441 646 ablatiuo
1456 603 1645 647 tantum
1667 599 1888 662 praefer-

144 682 196 719 74
217 679 252 720 G
282 676 379 718 tur.
453 681 565 715 nam
603 667 874 731 respiciunt
902 681 1013 715 cum
1049 681 1243 729 proco
1260 683 1288 715 n
1305 667 1401 716 sul
1438 667 1618 718 dicitur
1642 683 1742 718 non
1769 668 1887 719 dua·
1948 689 1956 692 ⁴

281 738 375 787 bus
400 737 608 786 uocibus
635 737 721 787 sed
749 738 1021 800 composito
1059 738 1258 786 nomine
1285 738 1380 786 dici
1419 744 1471 787 ut
1506 740 1889 802 procurator
1955 783 1961 787 .

282 814 716 872 propugnator
743 822 835 856 nec
862 807 1120 871 quicquam
1149 806 1324 857 obesse
1353 807 1577 873 exemplo
1604 809 1736 874 quod
1765 809 1888 859 haec
1947 870 1957 878 ι

282 880 483 926 nomina
519 883 728 941 possunt
764 877 1014 926 uerba'ex
1052 891 1104 925 se
1142 877 1305 927 facere
1341 884 1394 927 ut
1430 894 1711 942 procuro
1748 894 1882 943 pro·
1908 886 1958 925 ια’

282 962 489 1012 pugno
543 944 675 1016 [nam
726 947 1026 1011 praepositio
1076 946 1230 1012 perit]
1282 962 1395 1010 pro
1412 948 1673 998 consulo
1727 955 1890 999 autem

283 1033 383 1067 non
403 1017 516 1067 facit
534 1017 648 1066 licet
676 1017 923 1066 consulo
953 1017 1109 1066 faciat.
1146 1023 1308 1066 tamen
1337 1019 1375 1066 si
1404 1018 1787 1082 proconsule
1814 1019 1886 1068 di-

283 1096 424 1138 catur
451 1089 500 1136 in
527 1102 645 1137 casu
687 1088 992 1135 nominatiuo
1019 1093 1340 1151 monoptoton
1386 1089 1503 1144 erit,
1550 1088 1636 1138 sed
1679 1092 1889 1154 propter

284 1159 687 1208 consuetudinem
731 1157 1073 1220 proconsul
1111 1158 1326 1214 dicatur,
1365 1167 1420 1206 ut
1446 1157 1682 1208 declinari
1716 1160 1887 1222 possit,
1966 1219 1967 1222 Ἴ

283 1244 429 1293 quem
457 1228 517 1277 ad
544 1228 746 1277 modum
773 1226 854 1276 illa
882 1242 1005 1291 quae
1033 1228 1070 1276 L
1096 1227 1254 1277 littera
1283 1230 1610 1278 terminantur
1636 1234 1689 1278 ut
1726 1228 1887 1294 uigil
1909 1239 1965 1277 15,

283 1298 474 1363 mugil
519 1297 718 1362 pugil,
762 1298 992 1360 quoniam
1029 1298 1080 1345 in
1117 1297 1292 1361 plurali
1328 1300 1547 1362 genitiuo
1588 1298 1888 1363 mugilum

283 1370 490 1419 dicimus
517 1375 565 1417 et
599 1367 899 1431 pugilum:
942 1382 1053 1416 nam
1093 1369 1133 1416 si
1171 1369 1423 1432 mugilis
1464 1374 1601 1421 esset
1627 1370 1886 1418 nominati·
1950 1389 1956 1394 ⁴

168 1443 252 1484 295
281 1454 373 1489 uus
403 1445 454 1488 ut
489 1438 700 1502 agiliS,
739 1436 1061 1500 mugiliurn
1103 1438 1287 1487 faceret
1323 1446 1377 1488 ut
1415 1438 1681 1502 agilium.
1738 1439 1785 1487 M
1810 1439 1887 1488 lit-

280 1517 387 1560 tera
425 1510 569 1558 etiam
606 1514 779 1557 neutra
817 1508 1054 1556 finiuntur
1081 1514 1136 1556 ut
1172 1508 1361 1556 telum
1399 1523 1725 1558 scamnum.
1800 1509 1885 1559 sed

281 1580 378 1629 hoc
410 1579 883 1634 animaduertamus,
913 1578 1143 1641 quoniam
1171 1593 1296 1643 quae
1322 1579 1373 1626 in
1405 1579 1704 1628 nominatiuo
1729 1579 1750 1628 1
1775 1585 1886 1629 ante
1908 1593 1974 1626 21)v

280 1649 505 1699 ultimam
544 1648 779 1714 syllabam
816 1647 1001 1696 hab‘ent
1036 1648 1086 1696 in
1125 1649 1342 1711 genitiuo
1383 1648 1620 1712 singulari
1656 1649 1773 1698 item
1801 1649 1885 1698 da·
1965 1646 1976 1685 ἶ

280 1722 383 1770 tiuo
412 1726 459 1768 et
486 1718 698 1768 ablatiuo
725 1717 998 1783 pluralibus
1026 1718 1233 1767 eandem
1259 1718 1569 1785 gemina->re
1608 1718 1788 1769 debent
1831 1726 1888 1768 ut

280 1790 484 1839 lilium
523 1789 767 1845 folium,
819 1789 1049 1854 quoniam
1091 1789 1331 1852 genitiuus
1378 1795 1459 1837 aut
1494 1804 1641 1853 pares
1677 1787 1887 1854 syllabas

283 1862 588 1910 nominatiuo
623 1859 772 1908 habet
804 1864 859 1908 ut
896 1873 1207 1907 scamnum
1248 1860 1481 1908 scamni
1519 1864 1603 1909 aut
1631 1858 1800 1923 plures
1833 1865 1888 1908 ut

283 1937 468 1995 caput
505 1931 756 1993 capitiS,
798 1930 1056 1994 pauciores
1084 1944 1365 1993 numquam.
1404 1936 1661 1994 praeterea
1692 1929 1886 1979 datiuus
1907 1942 1950 1976 25

283 2001 322 2050 Ο
347 2001 510 2050 littera
535 2000 700 2049 finitus
727 2001 774 2048 in
803 2000 822 2048 1
850 2013 956 2048 eam
984 2001 1229 2048 conuertit
1253 2005 1307 2048 ut
1345 2014 1589 2049 scamno
1626 2001 1882 2055 scamni,

281 2072 367 2121 sed
395 2069 699 2120 consuetudo
721 2075 769 2118 et
794 2070 1059 2118 auctoritas
1083 2075 1310 2117 ueterum
1348 2070 1563 2132 ingeni
1602 2069 1697 2136 [et]
1737 2084 1885 2118 con·

282 2141 386 2190 sili
423 2140 649 2205 imperi
687 2154 776 2204 per
814 2145 915 2188 tres
951 2137 1159 2203 syllabas
1202 2138 1373 2187 maluit
1417 2140 1598 2188 dicere.
1673 2154 1884 2188 uasum

281 2226 342 2261 an
379 2225 482 2261 uas
518 2210 613 2259 dici
639 2209 816 2259 debeat
841 2211 1107 2272 quaeritur,
1137 2210 1368 2272 quoniam
1396 2223 1738 2273 quaecumque
1763 2223 1884 2258 neu·
1963 2266 1966 2267 ⁷

279 2287 353 2330 tra
395 2296 494 2330 non
523 2280 569 2330 M
594 2279 754 2329 littera
788 2280 1089 2328 nominatiuo
1124 2279 1361 2327 finiuntur
1398 2281 1439 2327 si
1473 2278 1716 2343 pluralem
1754 2280 1882 2329 reci·
1905 2280 1977 2342 ao',

395 2424 421 2462 2
454 2423 525 2462 est
554 2434 631 2464 om.
654 2420 697 2460 B
743 2417 763 2474 [l
807 2423 833 2461 3
867 2433 967 2460 cum
993 2419 1071 2459 BR
1100 2417 1122 2460 1
1143 2419 1263 2471 quod
1283 2420 1352 2460 Rm
1401 2415 1420 2472 ΙΙ
1467 2420 1495 2459 4
1523 2431 1630 2459 nam
1661 2419 1710 2459 in
1740 2418 1881 2460 nomi-

280 2481 439 2519 natiuo
471 2478 550 2529 qui
578 2478 616 2517 Ε
648 2476 807 2516 littera
828 2476 1043 2516 finiuntur
1063 2479 1114 2515 ut
1134 2476 1403 2528 proconsule
1433 2478 1647 2515 naturam
1665 2474 1881 2528 propriae

279 2534 638 2588 praepositionis
668 2535 903 2582 intuentur
931 2533 1088 2584 scripsi
1128 2544 1235 2572 nam
1265 2531 1321 2572 de
1351 2531 1623 2584 proconsule
1654 2532 1703 2571 in
1733 2531 1876 2571 nomi-

279 2592 440 2631 natiuo
473 2591 551 2643 qui
580 2591 618 2630 E
648 2589 808 2629 littera
838 2588 1001 2628 finiunt
1038 2590 1250 2628 naturam
1280 2588 1492 2640 propriae
1522 2587 1881 2640 praepositionis

279 2647 517 2687 intuentur
546 2646 628 2686 BR
661 2646 734 2697 (de
761 2650 1032 2698 punctuatum
1063 2646 1106 2684 in
1136 2643 1195 2694 B)
1263 2640 1283 2697 ΙΙ
1352 2645 1375 2684 7
1421 2656 1526 2682 nam
1554 2644 1595 2682 D
1632 2655 1723 2683 non
1751 2642 1795 2681 B
1842 2638 1863 2696 [1

279 2705 306 2743 9
335 2716 421 2744 nec
443 2703 466 2743 b
497 2715 554 2742 ne
576 2701 660 2741 BD
708 2699 730 2755 ss
767 2703 817 2741 11
851 2703 1033 2754 glossam
1062 2701 1201 2740 deleuz‘
1232 2696 1252 2754 ΙΙ
1281 2706 1379 2740 ante
1408 2698 1680 2752 proconsule
1709 2698 1881 2738 uidetur

278 2759 526 2811 proconsul
556 2765 597 2799 et
629 2764 726 2798 ante
757 2756 945 2798 consulo
967 2757 1207 2796 addendum
1228 2755 1384 2796 consul
1451 2751 1472 2808 Η
1537 2756 1592 2795 20
1623 2766 1742 2805 quae
1773 2754 1823 2793 in
1852 2753 1878 2793 b

281 2826 399 2865 quae
429 2815 471 2854 B
510 2815 587 2867 qui
614 2815 654 2853 D
703 2811 722 2866 11
770 2815 823 2854 21
864 2813 911 2852 in
941 2825 1019 2853 orm
1041 2811 1084 2851 B
1131 2809 1151 2865 [Ι
1198 2813 1251 2852 27
1296 2811 1472 2864 ingenii
1503 2812 1549 2850 et
1579 2808 1746 2862 (deam
1771 2822 1877 2850 con·-

280 2869 375 2910 silii
406 2871 587 2923 imperii
614 2868 715 2910 B¹R
764 2867 783 2923 ΙΙ
