1982 3230
155 593 243 632 527

272 135 376 214 Υ1·ἳὸ
748 163 1052 204 ΜΑΗΤΙΑΝΙ
1082 160 1401 204 CAPELLAE

275 309 467 368 quatur.
544 318 599 351 ea
635 303 867 352 historiae
906 303 1136 353 conuenit
1162 307 1208 353 et
1242 305 1513 353 narrationi
1540 311 1587 354 et
1620 320 1720 354 non
1761 320 1879 355 con-

274 389 475 423 uersum
511 388 671 437 neque
698 374 1127 436 circumscriptum
1164 372 1424 437 eloquendi
1449 389 1605 438 genus
1632 375 1879 425 desiderat

274 444 359 492 sed
387 443 550 492 fusum
577 450 721 507 atque
749 445 1034 492 continuum
1060 449 1114 492 ut
1132 442 1211 493 illa
1232 450 1346 493 sunt
1368 445 1417 493 in
1438 443 1699 494 Miloniana
1726 445 1874 495 ‘occi-

274 515 344 570 di,
374 513 530 562 occidi
564 528 663 562 non
692 514 923 577 Spurium
949 514 1198 570 Maelium,
1229 515 1359 578 quod
1384 530 1606 565 annonae
1642 514 1880 566 leuandae

274 584 495 633 iacturis'
526 590 572 632 et
599 591 777 638 cetera.
842 592 914 634 est
940 582 1031 634 alia
1058 599 1204 649 quam
1230 583 1485 647 περίοδον
1514 587 1687 636 Graeci
1714 586 1878 651 appel·
1922 598 1943 631 5
1980 616 1982 618 -

275 654 399 710 lant,
452 669 577 718 quae
624 656 915 704 sententiam
961 654 1169 719 quadam
1217 655 1671 720 circumscriptione
1714 656 1882 706 definit

277 729 421 786 atque
449 725 762 782 determinat,
794 724 935 788 quale
962 732 1035 774 est
1069 727 1118 773 in
1147 724 1433 775 Caeciniana
1471 728 1532 775 ‘si
1558 731 1793 789 quantum
1831 728 1880 775 in

277 809 395 857 agro
422 793 641 858 locisque
669 794 876 844 desertis
903 796 1103 845 audacia
1129 801 1303 858 potest,
1334 802 1519 846 tantum
1547 797 1595 844 in
1622 797 1730 845 soro
1757 797 1880 846 iudi-

122 872 259 913 173G
279 865 462 929 ciisque
489 864 788 928 impudentia
813 865 1016 922 ualeret,
1044 868 1151 914 non'
1168 867 1330 915 minus
1357 881 1484 915 nunc
1508 866 1654 915 Aulus
1676 866 1880 916 Caecina

165 1153 247 1194 528

111 1937 115 1939 ’
173 1930 254 1970 529

277 935 476 984 cederet
498 934 630 982 Sexti
649 935 827 984 Aebuti
854 936 1184 999 impudentiae
1206 950 1350 998 quam
1377 944 1479 985 tum
1505 937 1555 984 in
1575 937 1626 985 ui
1653 937 1881 986 faciunda
1905 950 1945 981 10
1980 936 1982 938 ’

279 1006 426 1053 cessit
462 1004 728 1053 audaciae’.
805 1020 929 1070 quae
963 1005 1129 1054 multis
1166 1012 1356 1055 constat
1393 1021 1450 1055 ex
1486 1006 1721 1056 membris
1757 1022 1883 1070 quae

277 1075 425 1124 κῶλα
452 1076 625 1124 Graeci
652 1075 837 1131 dicunt,
865 1080 914 1124 et
940 1092 999 1124 ex
1026 1076 1180 1124 caesis
1206 1091 1330 1140 quae
1355 1075 1593 1138 κόμματα
1619 1075 1880 1140 appellant.

278 1157 570 1194 MEMBRVM
598 1151 670 1193 est
695 1160 810 1208 pars
836 1147 1073 1195 orationis
1100 1162 1159 1194 ex
1186 1145 1408 1208 pluribus
1433 1145 1599 1195 uerbis
1624 1144 1884 1211 <absolute

283 1215 465 1279 aliquid
492 1216 772 1278 significans
799 1215 893 1264 hoc
928 1217 1074 1264 modo
1103 1217 1211 1264 ‘etsi
1237 1231 1416 1265 uereor
1443 1216 1626 1265 iudices
1651 1231 1714 1265 ne
1741 1222 1882 1279 turpe

279 1287 339 1334 sit
363 1300 452 1348 pro
474 1285 741 1334 fortissimo
763 1286 870 1334 uiro
892 1287 1055 1335 dicere
1077 1287 1389 1348 incipientem
1412 1287 1625 1336 timere'.
1654 1297 1882 1336 CAESVM
1908 1301 1947 1332 15

279 1362 443 1405 autem
479 1362 551 1404 est
587 1370 702 1417 pars
741 1357 975 1404 orationis
1013 1372 1069 1405 ex
1107 1355 1298 1405 duobus
1335 1364 1418 1405 aut
1453 1355 1678 1421 pluribus
1714 1355 1884 1406 uerbis

280 1424 499 1474 nondum
526 1426 788 1489 quicquam
824 1425 1046 1474 absolute
1081 1426 1373 1489 significans.
1451 1441 1746 1490 quamquam
1774 1441 1883 1475 cae-

281 1509 383 1543 sam
407 1495 626 1544 dicamus
653 1497 945 1552 orationem,
975 1511 1085 1544 cum
1114 1495 1302 1558 singula
1331 1495 1483 1544 uerba
1506 1496 1713 1558 quoduis
1734 1497 1883 1560 signi-

281 1566 474 1614 ficantia
511 1566 831 1628 proferuntur
856 1571 910 1614 ut
936 1572 1008 1614 est
1045 1566 1171 1629 ‘quis
1198 1572 1271 1615 est
1295 1567 1386 1615 iste
1413 1565 1621 1621 Lollius,
1661 1567 1746 1631 qui
1780 1566 1885 1615 sine

283 1636 414 1684 ferro
450 1650 512 1684 ne
556 1650 687 1684 nunc
726 1636 924 1700 quidem
961 1641 1124 1685 tecum
1161 1636 1262 1684 est?
1324 1637 1431 1700 quis
1467 1643 1539 1684 est
1585 1635 1665 1684 ille
1699 1634 1884 1685 Lollius
1906 1651 1947 1682 20

282 1706 497 1768 armiger
524 1705 780 1762 Catilinae,
810 1707 1014 1769 stipator
1041 1707 1111 1768 tui
1139 1706 1386 1769 corporiS,
1424 1707 1696 1759 concitator
1721 1705 1884 1755 taber-

280 1776 550 1831 nariorum,
580 1790 858 1839 percussor,
887 1775 1124 1840 lapidator
1151 1776 1365 1825 curiae?'
1402 1782 1447 1825 et
1473 1777 1521 1823 in
1540 1776 1757 1824 Verrinis
1782 1777 1884 1824 ‘co-

282 1848 423 1894 mites
452 1844 520 1894 illi
548 1845 724 1895 delecti
750 1861 925 1895 manus
953 1851 1092 1894 erant
1118 1851 1243 1903 tuae,
1273 1847 1466 1895 accensi
1493 1846 1668 1894 medici
1695 1846 1883 1909 aruspi-

288 1932 367 1965 ces
395 1915 587 1964 scribae
615 1931 786 1965 manus
814 1922 953 1965 erant
978 1920 1125 1965 tuae'.
1204 1931 1376 1965 uerum
1405 1917 1632 1981 superior
1658 1915 1909 1990 periodo&

284 1991 475 2035 constat
511 2002 570 2035 ex
607 1986 799 2035 duobus
833 1986 1069 2035 membris
1105 1992 1151 2036 et
1178 2002 1236 2035 ex
1273 1986 1428 2035 tribus
1465 1992 1509 2035 et
1538 2002 1596 2035 ex
1633 1990 1879 2050 quattuor,
1905 2000 1947 2033 25

283 2056 531 2104 interdum
570 2063 617 2104 et
651 2071 752 2105 sex.
828 2058 1049 2120 quamuis
1087 2073 1144 2106 ex
1181 2071 1281 2105 uno
1322 2055 1543 2105 membro
1579 2061 1752 2120 putent
1789 2070 1888 2104 non

283 2125 404 2174 nulli
430 2123 609 2190 posse>
635 2126 888 2189 compleri,
918 2141 1064 2190 quam
1091 2125 1410 2188 μονόκωλον
1436 2124 1691 2189 περίοδον
1720 2124 1888 2190 appel·

283 2195 408 2252 lant,
456 2210 567 2243 cum
604 2196 665 2242 sit
702 2194 844 2243 colon
878 2196 1055 2260 potius.
1132 2197 1315 2259 optima
1352 2197 1497 2258 igitur
1535 2196 1689 2244 oratio
1725 2196 1808 2244 fiet
1847 2196 1889 2244 si

401 2340 426 2377 3
457 2336 481 2386 ξ
513 2337 563 2375 72
604 2332 623 2388 Η
662 2337 686 2375 7
717 2336 741 2384 ἓ
773 2337 793 2375 1
835 2332 852 2388 Η
895 2336 947 2376 14
975 2348 1019 2388 p.
1040 2335 1139 2375 Mil.
1172 2336 1195 2384 ἓ
1229 2337 1249 2374 1
1299 2332 1318 2388 11
1369 2336 1419 2374 19
1453 2333 1549 2377 Cic.
1574 2335 1628 2374 de
1651 2334 1779 2374 domo
1803 2347 1887 2374 sua.

288 2389 754 2446 §131122II§27

406 2521 428 2559 1
471 2533 526 2560 ea
559 2519 751 2558 Halmius
786 2531 843 2558 em
864 2518 1021 2571 Aquila
1067 2520 1114 2557 et
1154 2517 1234 2557 BR
1288 2514 1307 2571 [l
1361 2519 1386 2557 3
1426 2516 1508 2558 sed
1542 2517 1695 2557 fusum
1723 2516 1886 2558 Ruhnk.

294 2577 504 2616 defusum
525 2575 607 2615 BR
638 2574 836 2614 difusum
867 2573 890 2613 b
922 2573 1132 2613 diffusum
1167 2587 1191 2613 r
1243 2569 1262 2626 ΙΙ
1311 2572 1461 2613 occidi
1497 2572 1647 2613 occidi
1667 2572 1709 2611 B
1740 2571 1888 2612 occidi

290 2633 352 2672 Rb
393 2629 411 2685 Π
449 2634 477 2671 4
507 2631 692 2672 melium
710 2629 792 2670 BR
829 2626 849 2683 ΙΙ
891 2642 1099 2670 annonae
1120 2629 1348 2670 leuandae
1381 2629 1574 2669 iacturis
1595 2628 1677 2668 BR
1707 2640 1890 2668 annona

288 2687 490 2727 leuanda
523 2690 570 2727 et
597 2687 708 2727 iact.
738 2687 930 2726 Halmius
968 2698 1151 2726 annona
1180 2684 1380 2726 leuanda
1418 2686 1699 2735 iacturisque
1730 2683 1816 2724 Cic.
1849 2689 1890 2723 et

289 2744 449 2796 Aquila
487 2741 506 2796 ΙΙ
546 2745 569 2783 7
601 2744 649 2782 in
679 2755 789 2794 agro
820 2741 1026 2794 locisque
1049 2742 1244 2782 Halmius
1273 2742 1321 2780 in
1342 2740 1491 2793 alogis
1513 2752 1628 2792 quae
1649 2739 1692 2778 B
1722 2740 1771 2779 in
1792 2739 1888 2780 alo-

291 2800 389 2839 cisa
409 2800 447 2839 R
478 2801 525 2838 in
557 2799 681 2852 agris
712 2799 918 2850 locisque
940 2800 981 2838 D
1019 2795 1038 2850 Η
1089 2799 1141 2838 10
1172 2797 1380 2837 ebuttiB
1409 2795 1573 2836 ebuttii
1601 2795 1641 2836 R
1684 2791 1707 2849 ss
1745 2807 1889 2846 quan-

290 2858 385 2894 tum
416 2855 498 2895 BR
535 2852 554 2908 l}
596 2857 646 2895 17
677 2855 876 2895 nondum
908 2854 1124 2906 quicqam
1145 2853 1304 2906 Aquila
1331 2853 1434 2892 dum
1465 2852 1710 2903 quiequam
1730 2850 1815 2890 BD
1853 2848 1872 2904 Ι]

293 2911 346 2949 19
377 2910 462 2950 iste
485 2913 584 2952 add.
609 2911 649 2949 E
671 2925 746 2952 om.
770 2910 853 2950 BD
892 2907 911 2963 Η
950 2912 1002 2950 27
1036 2921 1171 2961 quam
1193 2909 1385 2949 Halmius
1416 2918 1548 2959 quem
1565 2906 1645 2947 BR
1683 2903 1702 2960 Π
