<?xml version="1.0" encoding="UTF-8"?>
<!DOCTYPE html PUBLIC "-//W3C//DTD XHTML 1.0 Transitional//EN"
    "http://www.w3.org/TR/xhtml1/DTD/xhtml1-transitional.dtd">
<html xmlns="http://www.w3.org/1999/xhtml" xml:lang="en" lang="en">
 <head>
  <title>
</title>
<meta http-equiv="Content-Type" content="text/html;charset=utf-8" />
  <meta name='ocr-system' content='tesseract 3.04.00' />
  <meta name='ocr-capabilities' content='ocr_page ocr_carea ocr_par ocr_line ocrx_word'/>
</head>
<body>
  <div class='ocr_page' id='page_1' title='image "./martianvscapella00martuoft_0066.png"; bbox 0 0 1982 3230; ppageno 0'>
   <div class='ocr_carea' id='block_1_1' title="bbox 324 591 1951 827">
    <p class='ocr_par' dir='ltr' id='par_1_1' title="bbox 324 591 1951 827">
     <span class='ocr_line' id='line_1_1' title="bbox 550 591 1686 691; baseline 0.004 -22"><span class='ocrx_word' id='word_1_1' title='bbox 550 673 553 678; x_wconf 6' lang='grc' dir='ltr'>ξ</span> <span class='ocrx_word' id='word_1_2' title='bbox 814 591 1456 673; x_wconf 84' lang='lat' dir='ltr'><strong>PRAEFATIO</strong></span> <span class='ocrx_word' id='word_1_3' title='bbox 1678 685 1686 691; x_wconf 46' lang='grc'>,</span> 
     </span>
     <span class='ocr_line' id='line_1_2' title="bbox 324 738 1951 827; baseline 0.002 -4"><span class='ocrx_word' id='word_1_4' title='bbox 324 759 420 823; x_wconf 74' lang='lat' dir='ltr'>m</span> <span class='ocrx_word' id='word_1_5' title='bbox 459 759 837 823; x_wconf 75' lang='lat' dir='ltr'>sofloLrA</span> <span class='ocrx_word' id='word_1_6' title='bbox 860 760 979 821; x_wconf 89' lang='lat' dir='ltr'>AD</span> <span class='ocrx_word' id='word_1_7' title='bbox 1011 758 1429 824; x_wconf 77' lang='lat' dir='ltr'>CAESARIS</span> <span class='ocrx_word' id='word_1_8' title='bbox 1458 738 1951 827; x_wconf 73' lang='lat' dir='ltr'>GERMANJO&#39;I</span> 
     </span>
    </p>
   </div>
   <div class='ocr_carea' id='block_1_2' title="bbox 951 882 1302 978">
    <p class='ocr_par' dir='ltr' id='par_1_2' title="bbox 951 882 1302 978">
     <span class='ocr_line' id='line_1_3' title="bbox 951 882 1302 978; baseline 0.003 -2"><span class='ocrx_word' id='word_1_9' title='bbox 951 882 1302 978; x_wconf 81' lang='lat' dir='ltr'><strong>ARATEA</strong></span> 
     </span>
    </p>
   </div>
   <div class='ocr_carea' id='block_1_3' title="bbox 298 1169 1982 2912">
    <p class='ocr_par' dir='ltr' id='par_1_3' title="bbox 306 1169 1982 2495">
     <span class='ocr_line' id='line_1_4' title="bbox 464 1169 1946 1236; baseline 0.002 -16"><span class='ocrx_word' id='word_1_10' title='bbox 464 1169 659 1220; x_wconf 84' lang='lat' dir='ltr'>Scholia</span> <span class='ocrx_word' id='word_1_11' title='bbox 694 1171 746 1218; x_wconf 89' lang='lat' dir='ltr'>in</span> <span class='ocrx_word' id='word_1_12' title='bbox 771 1170 906 1219; x_wconf 81' lang='lat' dir='ltr'>Arati</span> <span class='ocrx_word' id='word_1_13' title='bbox 933 1170 1316 1220; x_wconf 89' lang='lat' dir='ltr'>Phaenomenon</span> <span class='ocrx_word' id='word_1_14' title='bbox 1360 1172 1685 1236; x_wconf 81' lang='lat' dir='ltr'>interpretem</span> <span class='ocrx_word' id='word_1_15' title='bbox 1711 1171 1946 1223; x_wconf 87' lang='lat' dir='ltr'>Latinum·</span> 
     </span>
     <span class='ocr_line' id='line_1_5' title="bbox 320 1253 1946 1319; baseline 0.002 -16"><span class='ocrx_word' id='word_1_16' title='bbox 320 1253 546 1318; x_wconf 83' lang='lat' dir='ltr'>Capellae</span> <span class='ocrx_word' id='word_1_17' title='bbox 581 1254 781 1303; x_wconf 86' lang='lat' dir='ltr'>adiunxi</span> <span class='ocrx_word' id='word_1_18' title='bbox 820 1260 1028 1318; x_wconf 84' lang='lat' dir='ltr'>propter</span> <span class='ocrx_word' id='word_1_19' title='bbox 1067 1257 1345 1319; x_wconf 86' lang='lat' dir='ltr'>argumenti</span> <span class='ocrx_word' id='word_1_20' title='bbox 1385 1271 1496 1305; x_wconf 89' lang='lat' dir='ltr'>cum</span> <span class='ocrx_word' id='word_1_21' title='bbox 1531 1256 1756 1305; x_wconf 89' lang='lat' dir='ltr'>Martiani</span> <span class='ocrx_word' id='word_1_22' title='bbox 1790 1256 1946 1307; x_wconf 85' lang='lat' dir='ltr'>rebus</span> 
     </span>
     <span class='ocr_line' id='line_1_6' title="bbox 317 1337 1943 1403; baseline 0.003 -17"><span class='ocrx_word' id='word_1_23' title='bbox 317 1337 660 1403; x_wconf 84' lang='lat' dir='ltr'>mythologicis</span> <span class='ocrx_word' id='word_1_24' title='bbox 683 1337 1052 1388; x_wconf 87' lang='lat' dir='ltr'>similitudinem</span> <span class='ocrx_word' id='word_1_25' title='bbox 1074 1346 1122 1388; x_wconf 92' lang='lat' dir='ltr'>et</span> <span class='ocrx_word' id='word_1_26' title='bbox 1142 1339 1206 1388; x_wconf 91' lang='lat' dir='ltr'>ita</span> <span class='ocrx_word' id='word_1_27' title='bbox 1223 1340 1422 1403; x_wconf 90' lang='lat' dir='ltr'>quidem</span> <span class='ocrx_word' id='word_1_28' title='bbox 1444 1341 1750 1402; x_wconf 86' lang='lat' dir='ltr'>conformata</span> <span class='ocrx_word' id='word_1_29' title='bbox 1771 1346 1825 1390; x_wconf 88' lang='lat' dir='ltr'>ut</span> <span class='ocrx_word' id='word_1_30' title='bbox 1843 1341 1943 1392; x_wconf 90' lang='lat' dir='ltr'>huc</span> 
     </span>
     <span class='ocr_line' id='line_1_7' title="bbox 317 1421 1941 1488; baseline 0.003 -18"><span class='ocrx_word' id='word_1_31' title='bbox 317 1435 474 1486; x_wconf 88' lang='lat' dir='ltr'>usque</span> <span class='ocrx_word' id='word_1_32' title='bbox 491 1421 636 1486; x_wconf 85' lang='lat' dir='ltr'>plena</span> <span class='ocrx_word' id='word_1_33' title='bbox 657 1422 878 1472; x_wconf 90' lang='lat' dir='ltr'>nondum</span> <span class='ocrx_word' id='word_1_34' title='bbox 899 1424 1230 1481; x_wconf 86' lang='lat' dir='ltr'>innotuerunt,</span> <span class='ocrx_word' id='word_1_35' title='bbox 1248 1423 1495 1488; x_wconf 87' lang='lat' dir='ltr'>descripta</span> <span class='ocrx_word' id='word_1_36' title='bbox 1516 1423 1707 1475; x_wconf 89' lang='lat' dir='ltr'>scilicet</span> <span class='ocrx_word' id='word_1_37' title='bbox 1727 1440 1786 1474; x_wconf 87' lang='lat' dir='ltr'>ex</span> <span class='ocrx_word' id='word_1_38' title='bbox 1806 1426 1941 1476; x_wconf 90' lang='lat' dir='ltr'>codi-</span> 
     </span>
     <span class='ocr_line' id='line_1_8' title="bbox 315 1498 1940 1571; baseline 0.004 -16"><span class='ocrx_word' id='word_1_39' title='bbox 315 1498 457 1555; x_wconf 84' lang='lat' dir='ltr'>cibus</span> <span class='ocrx_word' id='word_1_40' title='bbox 480 1506 731 1555; x_wconf 88' lang='lat' dir='ltr'>Puteaneo</span> <span class='ocrx_word' id='word_1_41' title='bbox 753 1513 800 1556; x_wconf 86' lang='lat' dir='ltr'>et</span> <span class='ocrx_word' id='word_1_42' title='bbox 820 1506 1089 1557; x_wconf 89' lang='lat' dir='ltr'>Basileensi</span> <span class='ocrx_word' id='word_1_43' title='bbox 1104 1546 1115 1563; x_wconf 94' lang='lat'>,</span> <span class='ocrx_word' id='word_1_44' title='bbox 1142 1507 1202 1556; x_wconf 86' lang='lat' dir='ltr'>de</span> <span class='ocrx_word' id='word_1_45' title='bbox 1224 1506 1405 1571; x_wconf 89' lang='lat' dir='ltr'>quibus</span> <span class='ocrx_word' id='word_1_46' title='bbox 1426 1509 1544 1558; x_wconf 83' lang='lat' dir='ltr'>dixit</span> <span class='ocrx_word' id='word_1_47' title='bbox 1558 1509 1621 1558; x_wconf 90' lang='lat' dir='ltr'>M.</span> <span class='ocrx_word' id='word_1_48' title='bbox 1643 1509 1868 1559; x_wconf 87' lang='lat' dir='ltr'>Hertzius</span> <span class='ocrx_word' id='word_1_49' title='bbox 1887 1508 1940 1561; x_wconf 88' lang='lat' dir='ltr'>in</span> 
     </span>
     <span class='ocr_line' id='line_1_9' title="bbox 315 1589 1939 1644; baseline 0.003 -5"><span class='ocrx_word' id='word_1_50' title='bbox 315 1589 635 1640; x_wconf 77' lang='lat' dir='ltr'>relationibus</span> <span class='ocrx_word' id='word_1_51' title='bbox 655 1591 922 1640; x_wconf 87' lang='lat' dir='ltr'>menstruis</span> <span class='ocrx_word' id='word_1_52' title='bbox 937 1591 998 1641; x_wconf 90' lang='lat' dir='ltr'>de</span> <span class='ocrx_word' id='word_1_53' title='bbox 1022 1591 1338 1642; x_wconf 76' lang='lat' dir='ltr'>consessibus</span> <span class='ocrx_word' id='word_1_54' title='bbox 1358 1593 1637 1643; x_wconf 87' lang='lat' dir='ltr'>academiae</span> <span class='ocrx_word' id='word_1_55' title='bbox 1648 1592 1939 1644; x_wconf 85' lang='lat' dir='ltr'>Berolinen-</span> 
     </span>
     <span class='ocr_line' id='line_1_10' title="bbox 314 1671 1938 1749; baseline 0.004 -25"><span class='ocrx_word' id='word_1_56' title='bbox 314 1675 381 1724; x_wconf 91' lang='lat' dir='ltr'>sis</span> <span class='ocrx_word' id='word_1_57' title='bbox 408 1675 525 1723; x_wconf 89' lang='lat' dir='ltr'>anni</span> <span class='ocrx_word' id='word_1_58' title='bbox 553 1671 688 1724; x_wconf 82' lang='lat'>1847</span> <span class='ocrx_word' id='word_1_59' title='bbox 715 1689 761 1738; x_wconf 88' lang='lat' dir='ltr'>p.</span> <span class='ocrx_word' id='word_1_60' title='bbox 792 1672 930 1725; x_wconf 86' lang='lat'><strong>3.19.</strong></span> <span class='ocrx_word' id='word_1_61' title='bbox 999 1675 1297 1726; x_wconf 89' lang='lat' dir='ltr'>Basileensis</span> <span class='ocrx_word' id='word_1_62' title='bbox 1326 1677 1507 1727; x_wconf 82' lang='lat' dir='ltr'>codicis</span> <span class='ocrx_word' id='word_1_63' title='bbox 1544 1677 1882 1749; x_wconf 81' lang='lat' dir='ltr'>apographum</span> <span class='ocrx_word' id='word_1_64' title='bbox 1908 1693 1938 1729; x_wconf 85' lang='lat' dir='ltr'>a</span> 
     </span>
     <span class='ocr_line' id='line_1_11' title="bbox 313 1758 1936 1826; baseline 0.004 -18"><span class='ocrx_word' id='word_1_65' title='bbox 313 1758 492 1808; x_wconf 86' lang='lat' dir='ltr'>Rothio</span> <span class='ocrx_word' id='word_1_66' title='bbox 521 1758 704 1808; x_wconf 80' lang='lat' dir='ltr'>sactum</span> <span class='ocrx_word' id='word_1_67' title='bbox 741 1760 910 1823; x_wconf 88' lang='lat' dir='ltr'>accepi</span> <span class='ocrx_word' id='word_1_68' title='bbox 936 1759 996 1808; x_wconf 92' lang='lat' dir='ltr'>ab</span> <span class='ocrx_word' id='word_1_69' title='bbox 1027 1760 1311 1825; x_wconf 89' lang='lat' dir='ltr'>Adolpho</span> <span class='ocrx_word' id='word_1_70' title='bbox 1341 1760 1757 1826; x_wconf 85' lang='lat' dir='ltr'>Kiesslingio,</span> <span class='ocrx_word' id='word_1_71' title='bbox 1795 1764 1936 1814; x_wconf 87' lang='lat' dir='ltr'>cuius</span> 
     </span>
     <span class='ocr_line' id='line_1_12' title="bbox 312 1843 1936 1912; baseline 0.004 -21"><span class='ocrx_word' id='word_1_72' title='bbox 312 1848 411 1892; x_wconf 87' lang='lat' dir='ltr'>tam</span> <span class='ocrx_word' id='word_1_73' title='bbox 439 1857 596 1906; x_wconf 87' lang='lat' dir='ltr'>prona</span> <span class='ocrx_word' id='word_1_74' title='bbox 621 1844 672 1892; x_wconf 92' lang='lat' dir='ltr'>in</span> <span class='ocrx_word' id='word_1_75' title='bbox 708 1858 786 1893; x_wconf 88' lang='lat' dir='ltr'>me</span> <span class='ocrx_word' id='word_1_76' title='bbox 813 1843 903 1893; x_wconf 83' lang='lat' dir='ltr'>fuit</span> <span class='ocrx_word' id='word_1_77' title='bbox 941 1843 1171 1895; x_wconf 89' lang='lat' dir='ltr'>uoluntas</span> <span class='ocrx_word' id='word_1_78' title='bbox 1198 1850 1249 1894; x_wconf 83' lang='lat' dir='ltr'>ut</span> <span class='ocrx_word' id='word_1_79' title='bbox 1284 1846 1429 1895; x_wconf 90' lang='lat' dir='ltr'>huius</span> <span class='ocrx_word' id='word_1_80' title='bbox 1464 1846 1691 1896; x_wconf 86' lang='lat' dir='ltr'>editionis</span> <span class='ocrx_word' id='word_1_81' title='bbox 1716 1845 1936 1912; x_wconf 88' lang='lat' dir='ltr'>plagulas</span> 
     </span>
     <span class='ocr_line' id='line_1_13' title="bbox 310 1920 1982 1993; baseline 0.004 -18"><span class='ocrx_word' id='word_1_82' title='bbox 310 1942 510 1977; x_wconf 88' lang='lat' dir='ltr'>rursum</span> <span class='ocrx_word' id='word_1_83' title='bbox 531 1942 646 1977; x_wconf 78' lang='lat' dir='ltr'>cum</span> <span class='ocrx_word' id='word_1_84' title='bbox 669 1927 837 1977; x_wconf 87' lang='lat' dir='ltr'>codice</span> <span class='ocrx_word' id='word_1_85' title='bbox 864 1929 971 1993; x_wconf 90' lang='lat' dir='ltr'>ipso</span> <span class='ocrx_word' id='word_1_86' title='bbox 1001 1930 1369 1980; x_wconf 80' lang='lat' dir='ltr'>accuratissime</span> <span class='ocrx_word' id='word_1_87' title='bbox 1396 1930 1660 1980; x_wconf 81' lang='lat' dir='ltr'>conferret.</span> <span class='ocrx_word' id='word_1_88' title='bbox 1699 1930 1935 1982; x_wconf 87' lang='lat' dir='ltr'>Puteanei</span> <span class='ocrx_word' id='word_1_89' title='bbox 1978 1920 1982 1925; x_wconf 54' lang='grc'><strong>’</strong></span> 
     </span>
     <span class='ocr_line' id='line_1_14' title="bbox 311 2010 1935 2079; baseline 0.004 -20"><span class='ocrx_word' id='word_1_90' title='bbox 311 2011 493 2060; x_wconf 88' lang='lat' dir='ltr'>codicis</span> <span class='ocrx_word' id='word_1_91' title='bbox 518 2011 859 2076; x_wconf 80' lang='lat' dir='ltr'>apographum</span> <span class='ocrx_word' id='word_1_92' title='bbox 881 2010 935 2061; x_wconf 92' lang='lat' dir='ltr'>D.</span> <span class='ocrx_word' id='word_1_93' title='bbox 954 2011 1139 2062; x_wconf 90' lang='lat' dir='ltr'>Heinsii</span> <span class='ocrx_word' id='word_1_94' title='bbox 1165 2028 1314 2063; x_wconf 88' lang='lat' dir='ltr'>manu</span> <span class='ocrx_word' id='word_1_95' title='bbox 1342 2016 1580 2079; x_wconf 86' lang='lat' dir='ltr'>scriptum</span> <span class='ocrx_word' id='word_1_96' title='bbox 1609 2020 1657 2064; x_wconf 89' lang='lat' dir='ltr'>et</span> <span class='ocrx_word' id='word_1_97' title='bbox 1683 2016 1732 2064; x_wconf 91' lang='lat' dir='ltr'>in</span> <span class='ocrx_word' id='word_1_98' title='bbox 1757 2014 1935 2066; x_wconf 88' lang='lat' dir='ltr'>biblio-</span> 
     </span>
     <span class='ocr_line' id='line_1_15' title="bbox 307 2093 1935 2166; baseline 0.006 -24"><span class='ocrx_word' id='word_1_99' title='bbox 307 2093 455 2144; x_wconf 86' lang='lat' dir='ltr'>theca</span> <span class='ocrx_word' id='word_1_100' title='bbox 482 2095 617 2157; x_wconf 89' lang='lat' dir='ltr'>regia</span> <span class='ocrx_word' id='word_1_101' title='bbox 645 2094 953 2145; x_wconf 87' lang='lat' dir='ltr'>Berolinensi</span> <span class='ocrx_word' id='word_1_102' title='bbox 989 2103 1242 2146; x_wconf 88' lang='lat' dir='ltr'>seruatum</span> <span class='ocrx_word' id='word_1_103' title='bbox 1276 2097 1405 2162; x_wconf 88' lang='lat' dir='ltr'>(mss.</span> <span class='ocrx_word' id='word_1_104' title='bbox 1438 2097 1571 2148; x_wconf 81' lang='lat' dir='ltr'>Diez.</span> <span class='ocrx_word' id='word_1_105' title='bbox 1598 2097 1650 2148; x_wconf 89' lang='grc'>4.</span> <span class='ocrx_word' id='word_1_106' title='bbox 1682 2097 1798 2166; x_wconf 86' lang='grc'><strong>133)</strong></span> <span class='ocrx_word' id='word_1_107' title='bbox 1825 2101 1935 2166; x_wconf 84' lang='lat' dir='ltr'>ipse</span> 
     </span>
     <span class='ocr_line' id='line_1_16' title="bbox 308 2177 1931 2247; baseline 0.004 -21"><span class='ocrx_word' id='word_1_108' title='bbox 308 2177 546 2243; x_wconf 90' lang='lat' dir='ltr'>descripsi</span> <span class='ocrx_word' id='word_1_109' title='bbox 573 2185 621 2227; x_wconf 89' lang='lat' dir='ltr'>et</span> <span class='ocrx_word' id='word_1_110' title='bbox 647 2178 707 2227; x_wconf 93' lang='lat' dir='ltr'>ab</span> <span class='ocrx_word' id='word_1_111' title='bbox 729 2179 966 2229; x_wconf 85' lang='lat' dir='ltr'>Andrea</span> <span class='ocrx_word' id='word_1_112' title='bbox 986 2179 1151 2230; x_wconf 88' lang='lat' dir='ltr'>Laub</span> <span class='ocrx_word' id='word_1_113' title='bbox 1166 2196 1211 2229; x_wconf 89' lang='lat' dir='ltr'>m</span> <span class='ocrx_word' id='word_1_114' title='bbox 1227 2197 1253 2230; x_wconf 90' lang='lat' dir='ltr'>a</span> <span class='ocrx_word' id='word_1_115' title='bbox 1270 2196 1389 2231; x_wconf 91' lang='lat' dir='ltr'>nno</span> <span class='ocrx_word' id='word_1_116' title='bbox 1416 2182 1698 2232; x_wconf 87' lang='lat' dir='ltr'>Monacensi</span> <span class='ocrx_word' id='word_1_117' title='bbox 1723 2198 1816 2247; x_wconf 88' lang='lat' dir='ltr'>pro</span> <span class='ocrx_word' id='word_1_118' title='bbox 1842 2199 1931 2235; x_wconf 86' lang='lat' dir='ltr'>sua</span> 
     </span>
     <span class='ocr_line' id='line_1_17' title="bbox 307 2263 1929 2329; baseline 0.005 -19"><span class='ocrx_word' id='word_1_119' title='bbox 307 2276 425 2326; x_wconf 89' lang='lat' dir='ltr'>erga</span> <span class='ocrx_word' id='word_1_120' title='bbox 451 2277 530 2311; x_wconf 88' lang='lat' dir='ltr'>me</span> <span class='ocrx_word' id='word_1_121' title='bbox 564 2263 774 2312; x_wconf 87' lang='lat' dir='ltr'>amicitia</span> <span class='ocrx_word' id='word_1_122' title='bbox 811 2264 1072 2329; x_wconf 88' lang='lat' dir='ltr'>impetraui</span> <span class='ocrx_word' id='word_1_123' title='bbox 1111 2272 1162 2314; x_wconf 91' lang='lat' dir='ltr'>ut</span> <span class='ocrx_word' id='word_1_124' title='bbox 1189 2280 1300 2315; x_wconf 89' lang='lat' dir='ltr'>cum</span> <span class='ocrx_word' id='word_1_125' title='bbox 1330 2266 1499 2316; x_wconf 87' lang='lat' dir='ltr'>codice</span> <span class='ocrx_word' id='word_1_126' title='bbox 1524 2266 1779 2317; x_wconf 87' lang='lat' dir='ltr'>Puteaneo</span> <span class='ocrx_word' id='word_1_127' title='bbox 1813 2267 1929 2318; x_wconf 88' lang='lat' dir='ltr'>reli-</span> 
     </span>
     <span class='ocr_line' id='line_1_18' title="bbox 306 2346 1928 2413; baseline 0.006 -19"><span class='ocrx_word' id='word_1_128' title='bbox 306 2346 579 2408; x_wconf 89' lang='lat' dir='ltr'>giosissime</span> <span class='ocrx_word' id='word_1_129' title='bbox 605 2346 870 2397; x_wconf 87' lang='lat' dir='ltr'>conferret.</span> <span class='ocrx_word' id='word_1_130' title='bbox 911 2347 971 2398; x_wconf 88' lang='lat' dir='ltr'>de</span> <span class='ocrx_word' id='word_1_131' title='bbox 996 2348 1073 2398; x_wconf 91' lang='lat' dir='ltr'>his</span> <span class='ocrx_word' id='word_1_132' title='bbox 1099 2350 1247 2413; x_wconf 89' lang='lat' dir='ltr'>igitur</span> <span class='ocrx_word' id='word_1_133' title='bbox 1276 2349 1529 2401; x_wconf 87' lang='lat' dir='ltr'>codicibus</span> <span class='ocrx_word' id='word_1_134' title='bbox 1557 2351 1680 2401; x_wconf 91' lang='lat' dir='ltr'>haec</span> <span class='ocrx_word' id='word_1_135' title='bbox 1707 2351 1813 2403; x_wconf 88' lang='lat' dir='ltr'>fere</span> <span class='ocrx_word' id='word_1_136' title='bbox 1838 2352 1928 2403; x_wconf 91' lang='lat' dir='ltr'>ho-</span> 
     </span>
     <span class='ocr_line' id='line_1_19' title="bbox 307 2429 1097 2495; baseline 0.006 -17"><span class='ocrx_word' id='word_1_137' title='bbox 307 2429 465 2479; x_wconf 89' lang='lat' dir='ltr'>mines</span> <span class='ocrx_word' id='word_1_138' title='bbox 490 2429 561 2480; x_wconf 89' lang='lat' dir='ltr'>illi</span> <span class='ocrx_word' id='word_1_139' title='bbox 588 2432 775 2495; x_wconf 87' lang='lat' dir='ltr'>egregii</span> <span class='ocrx_word' id='word_1_140' title='bbox 799 2431 1097 2483; x_wconf 89' lang='lat' dir='ltr'>retulerunt.</span> 
     </span>
    </p>

    <p class='ocr_par' dir='ltr' id='par_1_4' title="bbox 303 2514 1931 2740">
     <span class='ocr_line' id='line_1_20' title="bbox 445 2514 1931 2573; baseline 0.007 -10"><span class='ocrx_word' id='word_1_141' title='bbox 445 2514 609 2565; x_wconf 87' lang='lat' dir='ltr'>Codex</span> <span class='ocrx_word' id='word_1_142' title='bbox 644 2515 1008 2567; x_wconf 48' lang='lat' dir='ltr'>Pu‘teaneus</span> <span class='ocrx_word' id='word_1_143' title='bbox 1054 2533 1100 2567; x_wconf 92' lang='lat' dir='ltr'>n.</span> <span class='ocrx_word' id='word_1_144' title='bbox 1145 2516 1283 2569; x_wconf 82' lang='lat'>7886</span> <span class='ocrx_word' id='word_1_145' title='bbox 1329 2526 1520 2570; x_wconf 87' lang='lat' dir='ltr'>constat</span> <span class='ocrx_word' id='word_1_146' title='bbox 1562 2518 1694 2570; x_wconf 87' lang='lat' dir='ltr'>foliis</span> <span class='ocrx_word' id='word_1_147' title='bbox 1738 2521 1931 2573; x_wconf 79' lang='lat' dir='ltr'>formae·</span> 
     </span>
     <span class='ocr_line' id='line_1_21' title="bbox 303 2596 1925 2672; baseline 0.007 -25"><span class='ocrx_word' id='word_1_148' title='bbox 303 2599 573 2662; x_wconf 79' lang='lat' dir='ltr'>quadratae</span> <span class='ocrx_word' id='word_1_149' title='bbox 608 2600 807 2665; x_wconf 87' lang='lat' dir='ltr'>triginta</span> <span class='ocrx_word' id='word_1_150' title='bbox 844 2615 946 2651; x_wconf 89' lang='lat' dir='ltr'>sex.</span> <span class='ocrx_word' id='word_1_151' title='bbox 988 2603 1195 2666; x_wconf 89' lang='lat' dir='ltr'>paginae</span> <span class='ocrx_word' id='word_1_152' title='bbox 1221 2603 1486 2667; x_wconf 84' lang='lat' dir='ltr'>bipartitae</span> <span class='ocrx_word' id='word_1_153' title='bbox 1523 2610 1651 2655; x_wconf 86' lang='lat' dir='ltr'>sunt.</span> <span class='ocrx_word' id='word_1_154' title='bbox 1711 2596 1925 2672; x_wconf 85' lang='lat' dir='ltr'>scriptus</span> 
     </span>
     <span class='ocr_line' id='line_1_22' title="bbox 303 2671 1489 2740; baseline 0.008 -11"><span class='ocrx_word' id='word_1_155' title='bbox 303 2687 377 2730; x_wconf 88' lang='lat' dir='ltr'>est</span> <span class='ocrx_word' id='word_1_156' title='bbox 403 2683 601 2734; x_wconf 87' lang='lat' dir='ltr'>saeculo</span> <span class='ocrx_word' id='word_1_157' title='bbox 627 2698 759 2734; x_wconf 91' lang='lat' dir='ltr'>nono</span> <span class='ocrx_word' id='word_1_158' title='bbox 789 2690 872 2735; x_wconf 90' lang='lat' dir='ltr'>aut</span> <span class='ocrx_word' id='word_1_159' title='bbox 899 2685 1107 2735; x_wconf 82' lang='lat' dir='ltr'>decimo,</span> <span class='ocrx_word' id='word_1_160' title='bbox 1172 2671 1340 2738; x_wconf 87' lang='lat' dir='ltr'>insunt</span> <span class='ocrx_word' id='word_1_161' title='bbox 1366 2689 1489 2740; x_wconf 87' lang='lat' dir='ltr'>haec</span> 
     </span>
    </p>

    <p class='ocr_par' dir='ltr' id='par_1_5' title="bbox 298 2769 1923 2912">
     <span class='ocr_line' id='line_1_23' title="bbox 445 2769 1923 2836; baseline 0.005 -19"><span class='ocrx_word' id='word_1_162' title='bbox 445 2769 649 2819; x_wconf 76' lang='lat' dir='ltr'>Claudii</span> <span class='ocrx_word' id='word_1_163' title='bbox 684 2771 919 2820; x_wconf 79' lang='lat' dir='ltr'>Caesaris</span> <span class='ocrx_word' id='word_1_164' title='bbox 943 2770 1095 2820; x_wconf 78' lang='lat' dir='ltr'>Arati</span> <span class='ocrx_word' id='word_1_165' title='bbox 1127 2773 1481 2823; x_wconf 74' lang='lat' dir='ltr'>Phaenomena</span> <span class='ocrx_word' id='word_1_166' title='bbox 1525 2774 1600 2823; x_wconf 88' lang='lat' dir='ltr'>Ab</span> <span class='ocrx_word' id='word_1_167' title='bbox 1627 2775 1750 2824; x_wconf 84' lang='lat' dir='ltr'>Ioue</span> <span class='ocrx_word' id='word_1_168' title='bbox 1774 2775 1923 2836; x_wconf 75' lang='lat' dir='ltr'>prin-</span> 
     </span>
     <span class='ocr_line' id='line_1_24' title="bbox 298 2850 1699 2912; baseline 0.006 -16"><span class='ocrx_word' id='word_1_169' title='bbox 298 2850 489 2912; x_wconf 75' lang='lat' dir='ltr'>cipium</span> <span class='ocrx_word' id='word_1_170' title='bbox 528 2857 641 2901; x_wconf 82' lang='lat' dir='ltr'>cett.</span> <span class='ocrx_word' id='word_1_171' title='bbox 1694 2865 1699 2871; x_wconf 86' lang='grc'><em>“</em></span> 
     </span>
    </p>
   </div>
  </div>
 </body>
</html>
