1982 3230
265 1605 319 1645 68

358 114 427 166 20
835 111 1134 154 MARTIANI
1164 110 1482 154 CAPELLAE

359 265 452 308 tus,
527 254 667 321 <ipsa
712 268 833 303 uero
870 258 999 302 tecto
1045 254 1201 315 capite
1243 253 1399 303 lacteo
1437 248 1647 318 quodam
1673 253 1960 320 calymmate

358 325 688 391 praenitebat,
727 325 804 373 cui
831 325 1036 387 gemmis
1071 324 1270 372 insitum
1298 323 1519 374 diadema
1554 326 1806 390 pretiosis:
1845 340 1958 379 nam

359 412 518 461 neque
546 394 790 460 Scythidis
826 395 1013 443 uirecta
1047 409 1139 443 nec
1167 394 1523 444 Cerauniorum
1563 395 1763 445 uibrans
1798 394 1959 460 fulgu-

357 482 570 531 ransque
595 465 763 514 lumen
789 479 881 514 nec
906 464 1180 514 flucticolor
1201 465 1449 529 hyacinthi
1475 463 1768 516 credebatur
1787 466 1959 518 abesse

357 537 678 601 profunditas.
754 535 837 585 sed
878 541 1034 584 totum
1072 535 1191 584 illud
1227 542 1412 584 sertum
1457 537 1629 601 capitis
1665 535 1982 602 fulgurantis

358 607 707 657 Thaumantias
734 605 966 670 optulisse
1000 607 1198 670 reginae
1234 605 1460 656 caelitum
1486 606 1752 658 ferebatur.
1803 609 1957 672 ipsius

358 694 477 729 uero
500 678 642 726 diuae
671 676 800 726 ultus
821 677 1014 726 assidua
1040 676 1304 741 perlucens
1327 677 1482 740 gratia
1506 678 1647 727 fratri
1673 678 1954 735 consimilis,

356 751 449 799 nisi
474 748 605 813 quod
631 747 709 797 ille
735 746 1010 797 inmutabili
1035 747 1214 797 laetitia
1239 747 1511 806 renidebat,
1538 748 1660 798 haec
1686 754 1958 799 commuta-

356 821 539 868 tionum
569 819 871 868 assiduarum
900 817 1067 867 nubilo
1090 817 1312 868 crebrius
1331 817 1626 868 turbidatur.
1673 833 1788 868 nam
1807 821 1957 869 uestis

356 893 459 940 eius
495 888 688 954 hyalina
732 890 814 938 sed
853 888 1052 954 peplum
1085 889 1247 938 fuerat
1284 888 1577 953 caligosum,
1624 889 1756 954 quod
1790 894 1956 940 tamen

357 963 396 1009 si
416 959 621 1024 adpulsu
649 961 885 1024 cuiusque
912 959 1107 1009 luminis
1133 966 1419 1023 tangeretur
1445 962 1574 1010 inter
1601 959 1956 1010 obumbrantes

355 1031 559 1080 nebulas
585 1031 736 1079 sudae
773 1031 1134 1095 perspicuitatis
1170 1031 1324 1092 gratia
1350 1032 1664 1094 praeniteret.
1714 1030 1836 1080 haec
1861 1030 1956 1079 ful·-

354 1117 467 1151 men
489 1102 705 1160 dextera,
730 1100 870 1151 laeua
896 1115 1127 1150 sonorum
1145 1099 1338 1149 bombis
1354 1100 1652 1150 terrentibus
1670 1107 1956 1166 tympanum

354 1174 625 1228 sustinens,
655 1171 744 1236 sub
773 1172 951 1234 quibus
976 1171 1242 1236 plurimum
1278 1171 1459 1221 sudans
1494 1173 1592 1220 ima
1626 1170 1845 1220 subiecta
1873 1185 1954 1221 ro-

352 1244 500 1292 scidis
542 1242 801 1291 uidebatur
843 1242 1084 1291 inundare
1127 1241 1380 1290 fluoribus,
1449 1242 1593 1291 huius
1636 1256 1758 1291 uero
1803 1241 1982 1291 calcei

351 1313 617 1362 admodum
644 1313 789 1369 furui,
818 1327 1028 1377 quorum
1055 1313 1265 1360 maxime
1290 1312 1420 1360 solea
1446 1319 1580 1361 atrae
1608 1313 1766 1361 noctis
1789 1313 1955 1376 nigre-

351 1383 463 1432 dine
497 1383 760 1432 coloratur.
822 1397 934 1431 nam
962 1382 1182 1432 eiusdem
1220 1396 1377 1445 genua
1415 1397 1535 1432 zona
1561 1381 1760 1446 quidem
1788 1382 1974 1431 diuer-'

352 1453 531 1503 sicolor
558 1453 818 1510 ambiebat,
847 1468 970 1517 quae
997 1467 1127 1501 nunc
1152 1451 1428 1516 perfulgido
1456 1451 1804 1516 resplendebat
1830 1451 1952 1503 orbe

351 1539 482 1573 nunc
509 1525 818 1573 uanescentis
844 1525 1029 1587 gratiae
1057 1528 1253 1571 tenuata
1279 1524 1491 1572 uarietas
1515 1525 1582 1571 ita
1607 1524 1803 1586 penitus
1829 1521 1952 1572 obli·

350 1594 566 1660 quabat>
599 1600 848 1658 tamquam
883 1592 1005 1642 nihil
1040 1593 1289 1642 habuisset
1331 1599 1443 1643 ante
1488 1593 1801 1643 discolorum.
1876 1593 1982 1642 hisi

347 1666 496 1729 igitur
540 1671 747 1729 uterque
790 1678 964 1727 regum
1007 1664 1307 1713 indumentis
1355 1663 1586 1713 decenter
1631 1665 1791 1713 ornati
1839 1669 1951 1714 ante

349 1750 634 1785 consessum
658 1737 710 1783 in
730 1742 962 1799 suggestu
981 1734 1173 1784 sidereo
1194 1735 1400 1799 positam
1421 1734 1663 1799 quandam
1689 1733 1952 1798 sphaeram

350 1805 584 1856 caelatam
628 1807 863 1856 uarietate
908 1804 1164 1870 multiplici
1201 1807 1573 1869 conspicantur,
1624 1819 1749 1868 quae
1788 1805 1857 1854 ita
1891 1819 1954 1855 ex

349 1876 577 1926 omnibus
603 1884 854 1940 compacta
883 1876 1043 1925 fuerat
1068 1875 1343 1932 elementiS,
1369 1882 1423 1924 ut
1452 1874 1572 1924 nihil
1597 1874 1791 1924 abesset
1816 1875 1950 1939 quic-

350 1947 465 2010 quid
494 1947 553 1996 ab
582 1948 714 1995 omni
742 1946 958 1995 creditur
984 1947 1226 1995 contineri
1247 1951 1436 1995 natura.
1475 1945 1572 1995 illic
1593 1945 1782 1995 caelum
1802 1958 1982 1995 omnes

348 2032 434 2066 aer
454 2017 577 2066 freta
591 2017 950 2080 diuersitasque
973 2015 1157 2065 telluris
1170 2015 1478 2080 claustraque
1493 2015 1946 2065 fuerantTartarea.

347 2087 498 2136 urbes
536 2089 678 2135 etiam
718 2089 926 2150 compita
973 2093 1363 2150 cunctorumque
1401 2088 1592 2150 species
1631 2086 1948 2135 animantium

347 2163 444 2206 tam
473 2159 519 2206 in
548 2158 709 2221 specie
736 2173 882 2222 quam
909 2158 958 2204 in
985 2171 1166 2219 genere
1202 2156 1547 2204 numerandae.
1599 2171 1724 2220 quae
1750 2155 1947 2220 quidem

346 2227 554 2292 sphaera
582 2229 742 2290 imago
770 2227 1005 2291 quaedam
1026 2226 1288 2275 uidebatur
1312 2227 1519 2290 ideaque
1545 2225 1731 2279 mundi.
1781 2230 1830 2274 in
1855 2225 1948 2274 hac

348 2297 462 2362 quid
492 2298 670 2352 cuncti,
699 2297 813 2362 quid
839 2295 1018 2361 singuli
1039 2297 1288 2345 nationum
1317 2298 1534 2346 omnium
1554 2295 1723 2361 populi
1749 2296 1946 2346 cotidia-
1969 2307 1982 2343 a

461 2470 486 2507 3
515 2466 761 2519 scytidisB
792 2466 935 2518 scytis
955 2455 995 2505 'D
1033 2462 1053 2518 ΙΙ
1093 2478 1391 2506 ceraunorum
1411 2465 1453 2506 B
1500 2462 1518 2519 H
1569 2465 1804 2519 fulgorans
1837 2463 1946 2518 (que

346 2522 504 2574 deleta)
536 2522 576 2564 B
614 2522 634 2563 l
662 2523 871 2576 garantis
901 2523 1000 2562 add.
1031 2522 1055 2560 b
1104 2518 1111 2575 Ι
1170 2524 1198 2562 4
1235 2522 1388 2562 lumen
1418 2535 1574 2562 nec—
1595 2523 1761 2575 capitis
1791 2522 1945 2576 fulgu-
1976 2543 1982 2575 ,¹

346 2581 492 2619 rantis
521 2593 598 2632 om.
619 2579 662 2619 B
709 2576 729 2632 [l
775 2578 994 2632 yacynthi
1022 2579 1062 2617 D
1184 2580 1209 2619 5
1240 2578 1564 2631 fulgorantisD
1612 2575 1631 2631 Π
1679 2580 1704 2618 6
1733 2582 1943 2620 tauman-
1974 2582 1982 2613 ὲ

344 2636 438 2676 tias
458 2636 542 2675 BD
581 2632 600 2689 ss
638 2635 916 2675 obtulisseD
950 2631 969 2687 [l
1008 2634 1034 2673 8
1065 2635 1481 2674 eomutationuml)
1504 2630 1526 2688 ss
1546 2632 1598 2674 10
1625 2635 1880 2686 yalinaBD
1966 2628 1982 2668 »ἒ

348 2693 399 2730 11
431 2692 627 2745 appulsu
642 2693 709 2732 Db
748 2689 766 2746 Η
808 2694 858 2733 13
889 2691 1105 2732 dextraD
1144 2688 1163 2743 Η
1202 2691 1496 2743 tymphanum
1517 2690 1558 2729 B
1577 2690 1827 2742 typhanum
1846 2691 1914 2744 D!
1963 2683 1982 2743 ξ

349 2749 401 2787 15
433 2750 492 2788 ad
518 2748 735 2789 fluoribus
767 2744 920 2792 adnm
949 2747 1067 2788 fluuo
1096 2746 1119 2786 b
1177 2743 1195 2800 Η
1256 2749 1305 2787 19
1344 2746 1585 2798 obligabat
1617 2746 1657 2786 B
1686 2745 1708 2787 l
1737 2747 1943 2800 obliqua·
1963 2747 1982 2815 3

345 2802 428 2842 bat
457 2806 556 2844 add.
586 2805 610 2844 b
643 2805 882 2858 abligabat
910 2805 949 2852 D
997 2800 1018 2857 Ι]
1063 2805 1116 2843 21
1163 2803 1391 2856 igiturque
1423 2803 1461 2843 R
1499 2802 1640 2856 igitur
1670 2801 1712 2842 B
1751 2806 1963 2856 uterque·

346 2859 445 2899 add.
487 2860 509 2898 b
558 2857 578 2914 Η
625 2862 679 2901 22
712 2873 982 2902 consensum
1011 2860 1049 2900 R
1095 2856 1114 2913 Η
1163 2860 1448 2912 opositamR
1495 2856 1513 2912 Η
1562 2860 1615 2899 26
1646 2854 1858 2900 fueratR
1903 2855 1924 2912 ΙΙ
1960 2863 1965 2910 j

346 2915 399 2953 27
432 2917 713 2957 animantum
736 2917 775 2957 B
823 2914 843 2971 Π
891 2919 944 2957 29
973 2916 1177 2969 ydeaque
1200 2915 1240 2957 Β
1289 2914 1308 2969 Η
