1982 3230
130 384 261 426 1766

1655 0 1675 9 ³
1748 0 1784 5 *v
1801 0 1876 14 W-et

279 129 381 181 180
754 126 1052 168 MARTIANI
1084 125 1402 168 CAPELLAE

279 269 505 335 pluribus
530 267 698 317 uerbis
725 267 1032 330 significatio
1085 266 1179 316 hoc
1206 267 1368 317 differt
1393 283 1418 317 a
1446 269 1716 333 superiore,
1745 271 1878 334 quod

280 341 348 390 ibi
373 338 576 402 singulis
602 337 770 387 uerbis
798 337 968 387 eadem
995 352 1091 394 res,
1119 338 1168 386 in
1197 337 1289 387 hac
1314 337 1537 401 plurimis
1562 339 1875 403 significatur.

164 442 249 483 536
280 411 462 472 κλῖμαξ
499 414 572 458 est
604 422 837 458 ascensus
874 414 925 456 ut
970 415 1043 457 est
1079 407 1327 456 Ciceronis
1361 423 1453 472 pro
1489 408 1667 459 Milone
1699 413 1878 475 ‘neque

162 1333 245 1374 537

283 495 401 529 uero
428 494 480 528 se
510 478 695 544 populo
723 477 882 527 solum
910 478 995 527 sed
1022 480 1167 527 etiam
1203 480 1392 528 senatui
1418 480 1682 536 commisit,
1719 494 1879 544 neque

280 550 472 599 senatui
498 550 643 598 modo
671 549 756 598 sed
781 550 926 598 etiam
954 547 1162 612 publicis
1182 548 1440 612 praesidiis
1460 557 1506 599 et
1526 551 1690 607 armis,
1718 565 1879 615 neque
1921 562 1943 596 5

279 621 355 670 his
380 626 569 668 tantum
598 634 776 669 uerum
803 620 947 669 etiam
975 620 1079 668 eius
1106 620 1351 681 potestati,
1390 620 1469 668 cui
1493 627 1692 670 senatus
1727 627 1879 670 totam

279 705 386 740 rem
412 689 661 754 publicam
690 691 1038 738 commiserat’.
1092 688 1383 741 ἀεύνδετον
1411 697 1482 739 est
1507 690 1736 746 solutum,
1766 706 1879 740 cum

281 762 492 824 demptis
520 759 975 817 coniunctionibuS,
1017 759 1192 823 quibus
1219 758 1371 809 uerba
1398 765 1482 808 aut
1506 761 1703 810 nomina
1731 775 1878 810 cone-

280 836 494 887 ctuntur,
523 830 802 893 singillatim
815 828 1003 895 <unum
1024 831 1254 895 quodque
1281 831 1590 880 enuntiamus
1610 837 1664 880 ut
1680 837 1753 880 est
1773 835 1882 880 ‘ex-

278 908 422 964 pecto
443 901 543 949 uim
565 900 724 957 edicti,
747 901 1059 948 seueritatem
1079 901 1336 963 praetoris,
1354 901 1497 949 faueo
1519 902 1716 958 aratori,
1737 902 1880 965 cupio
1903 914 1945 946 10

282 969 551 1036 [supplico]
575 970 775 1034 octuplo
803 970 1023 1018 damnari
1043 970 1351 1034 Apronium'.
1391 969 1761 1034 διεζευγμένον
1783 971 1880 1020 dis-

277 1042 499 1089 iunctum
523 1039 842 1105 appellamus,
865 1054 975 1088 cum
1000 1040 1207 1089 diuersis
1232 1039 1592 1090 redditionibus
1609 1040 1880 1090 uerborum

279 1109 386 1159 cola
413 1111 737 1175 disiungimus
774 1112 880 1159 siue
918 1109 1014 1158 duo
1037 1110 1143 1158 siue
1168 1108 1308 1173 plura
1345 1110 1440 1158 hoc
1461 1111 1620 1159 -modo
1647 1111 1883 1174 ‘Capuam

278 1180 464 1229 colonis
501 1181 722 1230 deductis
760 1179 1101 1243 occupabunt,
1137 1178 1343 1229 Atellam
1380 1180 1623 1243 praesidio
1662 1195 1882 1229 commu·-

280 1251 440 1307 nient,
470 1251 749 1306 Nuceriam,
780 1250 957 1300 Cumas
985 1249 1294 1299 multitudine
1332 1265 1535 1299 suorum
1572 1249 1880 1313 optinebunt,
1905 1262 1946 1296 15

279 1326 441 1369 cetera
489 1321 670 1386 oppida
715 1321 972 1383 praesidiis
1008 1321 1327 1369 deuincicnt.’
1402 1319 1440 1386 †
1466 1317 1884 1383 ἀντεῑευγμὲνον

278 1391 565 1440 iniunctum.
642 1390 765 1439 haec
803 1391 958 1453 figura
987 1405 1011 1438 a
1039 1390 1296 1452 superiore
1322 1391 1417 1439 hoc
1443 1390 1628 1446 differt,
1658 1390 1790 1454 quod
1816 1389 1886 1439 ibi

278 1460 480 1524 singulis
515 1460 752 1509 membris
787 1459 976 1522 singula
1005 1459 1199 1508 diuersa
1233 1459 1522 1514 redduntur,
1560 1460 1642 1508 hic
1667 1459 1808 1523 plura
1833 1460 1883 1508 in

277 1545 377 1579 uno
406 1533 753 1594 coniungimus
780 1537 833 1578 ut
859 1535 930 1579 est
957 1532 1187 1593 ‘quorum
1215 1529 1338 1578 ordo
1366 1529 1425 1578 ab
1452 1529 1649 1585 humili,
1686 1529 1884 1578 fortuna

279 1617 311 1650 a
346 1601 566 1658 sordida,
604 1606 792 1650 natura
819 1616 851 1650 a
887 1601 1019 1662 turpi
1054 1601 1244 1647 ratione
1271 1598 1544 1647 abhorret'.
1621 1599 1716 1648 hoc
1753 1600 1881 1648 enim
1905 1612 1947 1644 20

282 1676 589 1733 postremum
616 1669 845 1718 abhorr
862 1676 916 1718 et
941 1669 1192 1733 praedicta
1220 1669 1487 1717 coniunxit.
1549 1667 1884 1732 πλεοναεμόε

280 1746 354 1789 est
378 1741 488 1804 plus
514 1741 871 1795 necessarium,
902 1754 1013 1788 cum
1040 1739 1193 1788 uerba
1222 1737 1497 1803 quaedam>
1525 1738 1759 1788 adicimus
1783 1754 1880 1787 non

276 1951 327 1993 Π
346 1951 372 2002 ἓ
395 1895 475 1992 {65
511 1895 563 1934 61
618 1891 633 1947 ΙΙ
685 1896 736 1935 10
768 1892 863 1934 Cic.
886 1894 1016 1935 Verr.
1038 1893 1107 1933 III
1137 1893 1160 1942 ἓ
1191 1894 1245 1933 28
1293 1890 1307 1945 Η
1361 1894 1412 1934 13
1444 1892 1540 1933 Cic.
1565 1892 1621 1932 de
1650 1890 1756 1944 lege
1788 1904 1883 1945 agr.

396 2093 421 2131 5
452 2091 697 2143 praesidiis
723 2089 805 2130 Cic.
823 2095 867 2129 et
882 2089 1040 2142 Aquila
1063 2089 1202 2129 sociis
1219 2089 1299 2129 BR
1327 2085 1346 2142 ΙΙ
1381 2091 1404 2129 7
1439 2101 1538 2129 011111
1559 2089 1754 2142 demptis
1776 2089 1884 2129 Hal-

279 2149 387 2188 mins
433 2159 535 2186 cum
575 2146 800 2198 ademptis
830 2145 871 2184 E
914 2150 965 2185 ut
996 2144 1249 2197 eademptis
1279 2144 1322 2183 B
1366 2149 1416 2185 ut
1447 2145 1671 2198 ademptis
1699 2144 1762 2186 Rb
1806 2144 1887 2184 ubi

283 2203 512 2254 ademptis
541 2202 651 2244 coni.
667 2202 813 2253 Kopp.
860 2197 880 2253 Η
927 2202 952 2241 9
982 2212 1341 2252 unumquemque
1361 2199 1422 2239 B1
1467 2197 1489 2253 Η
1537 2200 1886 2242 enontiamusD

283 2260 551 2299 nuntiamus
586 2257 627 2297 B
680 2253 699 2311 ss
765 2258 816 2297 10
858 2256 1031 2296 aratori
1066 2255 1214 2296 Cicero
1261 2256 1432 2295 oratori
1465 2255 1507 2295 B
1542 2263 1584 2296 et
1612 2257 1768 2308 Aquila
1811 2268 1885 2295 ra-

286 2314 375 2355 tori
402 2315 442 2354 D
560 2315 611 2353 11
657 2312 866 2365 supplico
898 2313 981 2354 del.
1014 2312 1204 2351 Halmius
1241 2308 1261 2365 [l
1308 2311 1557 2364 Apronium
1583 2311 1625 2350 B
1661 2310 1885 2364 Aphroni-

285 2384 362 2411 um
396 2371 436 2410 D
565 2369 893 2409 diezeumenon
927 2367 969 2406 B
1013 2367 1334 2408 dieteumenon
1364 2369 1404 2406 D
1458 2363 1479 2420 {l
1534 2369 1587 2407 14
1624 2367 1827 2408 Atellam
1854 2381 1885 2418 p

286 2425 490 2467 tadelam
513 2425 597 2465 BD
644 2422 664 2479 11
714 2426 765 2465 15
796 2424 1051 2464 numeriam
1084 2423 1167 2462 BD
1217 2420 1234 2476 ΙΙ
1284 2422 1450 2463 Cumas
1479 2423 1637 2475 Aquila
1667 2435 1768 2463 cum
1795 2423 1884 2463 hac

288 2483 372 2522 BD
410 2478 430 2535 [l
477 2481 763 2522 sociorumD
802 2478 822 2534 Η
863 2481 913 2520 16
944 2478 1271 2520 deuincientB
1301 2478 1549 2519 deuincent
1569 2479 1634 2519 Db
1691 2476 1712 2533 ΙΙ
1757 2478 1886 2519 Anti-

291 2550 578 2591 zeugmenon
598 2537 640 2576 B
668 2538 1043 2577 Antezeumenon
1063 2536 1103 2575 D
1137 2536 1523 2586 Epezeugmenon
1547 2534 1717 2576 Grotius
1756 2541 1800 2574 at
1826 2535 1883 2585 cf'.

290 2595 484 2634 Halmius
513 2595 572 2634 ad
591 2593 632 2633 A
666 2594 788 2633 ailam
812 2606 860 2644 p.
891 2595 959 2642 36,
983 2594 1038 2631 14
1074 2587 1096 2644 I]
1143 2592 1194 2631 17
1225 2590 1313 2631 1100
1343 2592 1442 2630 add.
1474 2605 1503 2643 p
1548 2587 1569 2644 ss
1619 2592 1671 2631 18
1701 2589 1886 2645 diuersa

290 2650 376 2690 BD
405 2649 549 2690 uerba
569 2649 592 2689 b
630 2607 663 2703 ff
692 2650 743 2689 19
769 2647 902 2687 'umili
921 2648 962 2687 D
1000 2644 1019 2701 Η
1058 2648 1113 2688 20
1144 2660 1172 2687 3
1193 2651 1234 2687 et
1252 2649 1419 2686 natura
1439 2659 1467 2686 a.
1487 2647 1587 2687 add.
1621 2647 1810 2686 Halmius
1845 2643 1867 2699 Η
1919 2642 1926 2647 ’

291 2705 475 2746 sordida
504 2705 856 2758 nitorpiratione
878 2703 920 2743 B
950 2703 1134 2744 sordida
1162 2703 1286 2755 turpi
1314 2703 1494 2742 ratione
1514 2701 1556 2741 B
1585 2706 1751 2742 natura
1781 2703 1884 2743 add.

290 2762 454 2810 Ruhnk.
487 2775 546 2803 ex
574 2761 733 2814 Aquila
792 2757 812 2814 Η
875 2761 927 2799 21
966 2759 1206 2812 praedicta
1234 2758 1277 2798 B
1316 2771 1429 2799 corr.
1462 2771 1520 2797 ex
1557 2761 1801 2810 praeterea
1847 2754 1869 2811 [l

289 2818 342 2856 22
372 2817 475 2870 plus
506 2829 642 2869 quam
672 2815 984 2857 necessarium
1017 2815 1187 2856 Grotius
1233 2811 1255 2868 ΙΙ
1302 2813 1522 2854 adicimus
1552 2813 1744 2854 Halmius
1773 2812 1902 2873 dici-¹

289 2883 387 2913 mus
415 2873 497 2914 BR
543 2871 564 2926 Η
1042 2895 1047 2897 -
