1982 3230
0 0 124 130 Γ
287 95 290 98 ,
765 19 951 108 121ssssss
979 63 1069 106 vn
1611 57 1715 109 287

105 214 237 263 enim
277 225 484 261 numero
513 210 735 273 proxima
770 221 1002 258 mensura
1040 206 1275 260 maxima,
1314 202 1485 252 ultima
1512 202 1715 250 minima

105 291 194 333 est.
268 288 323 332 ut
347 287 463 347 puta
491 282 587 329 sint
617 279 982 344 quinquaginta.
1046 277 1095 326 hi
1131 274 1451 340 replicentur.
1516 273 1715 322 dimidia

107 369 224 419 pars
251 367 421 402 eorum
450 351 623 414 uiginti
651 351 883 414 quinque.
943 349 992 396 in
1021 347 1099 396 his
1125 346 1332 396 maxima
1363 357 1594 394 mensura
1624 349 1714 392 est.

106 439 280 474 rursus
317 420 828 486 animaduer->tamus
864 433 984 484 quas
1018 418 1280 467 inferiores
1328 429 1587 465 mensuras
1627 415 1712 463 ha-

63 511 86 545 5
107 495 275 545 beant.
327 498 440 542 sunt
466 498 628 541 autem
658 491 822 540 decies
849 491 995 554 quina
1023 488 1392 554 quinquaginta,
1423 488 1540 536 item
1571 487 1714 550 quin-

25 591 32 598 ·
105 566 246 631 quies
272 563 424 619 dena,
460 564 578 611 item
608 561 680 610 bis
707 562 854 623 quina
894 561 1068 609 uicena
1096 574 1188 607 neo
1225 556 1323 606 ulia
1352 572 1409 605 ex
1439 557 1516 605 his
1555 557 1716 605 minor

107 643 180 685 est
207 650 261 684 ea
291 648 415 699 quae
452 648 512 681 ex
540 631 734 681 duobus
762 636 858 680 est:
898 630 1020 679 haec
1060 629 1209 691 igitur
1244 628 1446 676 minima
1483 640 1714 675 mensura

107 704 512 771 quinquagenarii
550 709 638 752 est.
716 707 763 751 at
791 702 829 751 si
857 701 953 750 duo
989 701 1186 749 numeri
1221 699 1353 747 inter
1379 713 1433 746 se
1460 697 1715 762 compositi
1749 732 1832 772 785

107 783 244 832 sunt,
283 775 440 824 maior
468 780 514 823 et
550 775 735 829 minor,
766 787 862 836 quo
898 771 1046 819 modo
1082 772 1398 835 repperiatur
1440 769 1717 818 eommunis
1734 784 1874 829 2636

18 852 84 896 ἰο
105 847 184 897 his
218 847 428 895 maxima
466 846 766 909 minimaque
802 857 1034 891 mensura
1073 841 1244 906 quaeri
1280 846 1459 905 potest.
1525 845 1720 904 oportet

105 924 268 967 autem
306 916 549 965 minorem
587 929 850 964 numerum
887 914 1062 963 maiori
1088 911 1351 961 detrahere
1378 911 1605 975 quotiens
1631 926 1719 974 po-

104 995 213 1038 test.
279 987 456 1037 deinde
485 994 719 1050 quantum
748 1000 804 1033 ex
834 986 1001 1048 priore
1029 989 1280 1047 superest,
1319 981 1605 1031 tantundem
1635 982 1718 1030 (le-

107 1073 246 1108 mere
272 1074 328 1107 ex
359 1058 550 1106 minore
579 1057 805 1121 quotiens
831 1060 1006 1120 potest.
1072 1055 1152 1118 qui
1181 1055 1251 1102 sio
1286 1054 1514 1101 intererit
1549 1067 1720 1102 nume·

109 1145 220 1185 rus,
272 1130 312 1178 is
350 1130 444 1177 erit
483 1143 654 1176 eorum
691 1141 1013 1175 numerorum
1051 1139 1281 1174 mensura
1320 1124 1545 1172 maxima.
1622 1124 1720 1173 sint

44 1215 88 1250 15
112 1200 209 1249 duo
254 1200 448 1248 numeri
487 1197 639 1247 CCCL
689 1204 736 1246 et
774 1196 824 1245 C.
891 1197 1151 1246 demantur
1197 1210 1254 1243 ex
1293 1193 1452 1244 CCCL
1490 1195 1720 1258 quotiens

106 1277 315 1336 possunt
354 1269 570 1325 centeni,
619 1268 667 1316 id
709 1273 781 1316 est
821 1274 922 1316 ter:
971 1267 1146 1330 reliqui
1194 1271 1307 1314 sunt
1346 1265 1719 1329 quinquaginta.

108 1357 166 1390 ex
204 1340 357 1390 altero
403 1339 686 1388 centenario
733 1353 939 1386 numero
976 1337 1300 1386 detrahantur
1347 1336 1718 1398 quinquaginta.

106 1417 406 1476 supererunt
454 1425 508 1458 ex
549 1425 607 1458 eo
649 1410 1017 1473 quinquaginta.
1090 1408 1170 1456 hio
1208 1421 1444 1455 numerus
1484 1405 1636 1456 CCCL
1676 1414 1722 1456 et

108 1483 144 1532 C
187 1481 463 1531 communis
507 1494 741 1529 mensura
779 1480 988 1527 maxima
1027 1486 1116 1528 est.
1207 1493 1320 1526 nam
1358 1477 1720 1542 quinquagiens

27 1570 85 1614 ,ἕο
109 1552 224 1602 bina
262 1558 486 1608 eentum,
525 1551 880 1616 quinquagiens
916 1555 1117 1614 septena
1147 1548 1300 1599 CCCL
1336 1554 1462 1597 sunt.
1529 1563 1587 1596 ex
1626 1549 1721 1597 hoc

109 1625 253 1673 etiam
292 1621 407 1671 illud
446 1628 650 1685 apparet
676 1621 807 1686 quod
835 1621 1056 1686 quisquis
1093 1634 1329 1668 numerus
1366 1621 1530 1667 minor
1566 1620 1722 1667 maxi-

106 1709 243 1744 mum
280 1693 329 1741 in
357 1707 503 1756 supra
532 1693 702 1753 dictos>
727 1706 963 1740 numeros
989 1692 1214 1746 metitur,
1254 1691 1296 1738 is
1323 1704 1521 1754 quoque
1549 1704 1720 1739 eorum

107 1767 363 1814 minimam
409 1778 690 1812 mensuram
737 1764 982 1811 metietur.
1059 1762 1260 1809 minima
1296 1767 1460 1809 autem
1488 1775 1719 1810 mensura

111 1835 384 1884 eorundem
411 1849 734 1883 numerorum
763 1834 833 1882 sio
859 1833 1126 1882 inuenitur.
1176 1831 1259 1880 ubi
1285 1831 1494 1880 maxima
1523 1838 1721 1896 reperta

41 1920 84 1954 25
110 1913 198 1961 est,
227 1905 356 1954 illius
382 1905 754 1969 ipsiusminima
783 1905 1054 1967 quaeritur.
1096 1902 1268 1951 eadem
1293 1903 1440 1950 etiam
1470 1901 1722 1965 prioribus

31 2009 50 2029 .-
109 1977 331 2026 numeris
373 1976 648 2023 communis
683 1975 881 2023 minima
921 1980 1008 2023 est.
1073 1979 1127 2022 ut
1161 1973 1241 2021 hio
1278 1988 1475 2037 quoque
1516 1974 1719 2022 minima

108 2046 516 2112 quinquagenarii
537 2060 769 2095 mensura
795 2046 840 2094 in
868 2043 1061 2094 duobus
1085 2050 1182 2093 est:
1211 2045 1359 2107 igitur
1379 2043 1549 2092 eadem
1575 2045 1721 2092 etiam

107 2119 330 2182 priorum
367 2131 688 2165 numerorum
723 2117 921 2164 minima
957 2130 1187 2164 mensura
1217 2122 1306 2164 est.
1371 2120 1419 2164 at
1446 2115 1593 2163 trium
1631 2130 1720 2164 nu·
1754 2117 1840 2163 786

108 2202 386 2244 merorum,
415 2188 499 2251 qui
538 2188 668 2237 inter
694 2202 746 2235 se
783 2187 1042 2250 compositi
1068 2191 1205 2243 sunt,
1245 2187 1458 2235 maxima
1493 2186 1721 2234 minima-

46 2273 208 2323 soque
245 2273 475 2308 mensura
514 2259 585 2306 sio
620 2258 887 2307 inuenitur.
969 2257 1180 2307 duorum
1229 2271 1463 2306 mensura
1507 2258 1719 2305 maxima

223 2442 248 2481 2
280 2439 346 2480 hii
367 2439 410 2479 B
438 2437 456 2494 Η
490 2443 516 2482 8
549 2441 914 2494 quinquagenari
934 2440 977 2480 B
996 2454 1111 2482 corr.
1133 2454 1162 2492 p
1194 2439 1594 2493 quinquagenaria
1615 2440 1679 2480 bR
1709 2437 1724 2494 u

112 2499 165 2539 10
195 2498 236 2537 is
257 2495 357 2537 B¹R
406 2493 423 2550 ΙΙ
475 2499 525 2536 11
559 2498 778 2537 minorem
809 2498 832 2538 b
863 2498 1082 2538 maiorem
1102 2496 1184 2537 BR
1233 2493 1251 2550 Η
1300 2497 1466 2536 maiori
1494 2496 1517 2536 b
1558 2498 1723 2537 minori

108 2553 191 2594 BR
219 2550 237 2607 Η
279 2555 330 2593 12
362 2553 645 2593 tantumdem
666 2552 709 2591 B
747 2550 765 2606 Η
806 2555 859 2594 14
888 2565 1144 2593 mensuram
1166 2551 1267 2593 B¹R
1294 2549 1313 2606 ll
1352 2553 1552 2593 maxima
1573 2570 1594 2594 ια
1615 2552 1658 2591 Β
1684 2550 1707 2607 Η

113 2612 166 2652 19
196 2609 260 2651 bis
291 2610 597 2662 quinquagies
628 2610 652 2650 b
703 2606 721 2662 Η
770 2612 825 2650 20
856 2623 911 2650 ex
940 2609 1018 2650 hic
1048 2622 1163 2650 corr.
1186 2613 1229 2649 in
1253 2622 1310 2649 ex
1338 2608 1447 2649 hine
1477 2609 1520 2648 B
1550 2609 1599 2651 a}
1630 2609 1722 2650 hoc

111 2667 214 2708 add.
236 2667 260 2707 b
283 2679 337 2708 ex
359 2666 433 2706 hic
454 2667 493 2707 R
522 2680 578 2707 ex
599 2666 707 2706 hinc
728 2679 752 2705 r
779 2662 798 2719 ΙΙ
828 2667 880 2706 21
904 2666 1147 2706 maximam
1165 2664 1247 2705 BR
1268 2678 1382 2706 corr.
1399 2679 1433 2718 p
1469 2661 1488 2719 ΙΙ
1523 2668 1576 2706 22
1608 2665 1726 2706 duos

110 2721 196 2763 BR—
239 2723 388 2764 dictos
427 2723 451 2763 b
508 2720 526 2777 Η
584 2723 622 2762 is
660 2735 738 2763 om.
771 2720 871 2762 B¹R
930 2718 951 2776 ss
993 2724 1068 2763 -23
1117 2722 1351 2762 minimam
1381 2723 1484 2762 add.
1513 2724 1633 2765 Vale.
1683 2719 1703 2777 ΙΙ

111 2791 370 2820 mensuram
391 2781 606 2820 metietur
631 2779 853 2829 (mitietur
873 2777 951 2830 B¹)
984 2778 1174 2818 minima
1203 2780 1246 2818 in
1266 2791 1353 2819 ras.
1375 2780 1420 2819 in
1439 2777 1482 2818 B
1520 2776 1538 2834 Η
1578 2780 1632 2820 26
1663 2778 1728 2820 ad

111 2834 188 2875 hic
219 2837 319 2876 add.
354 2834 404 2876 al
434 2835 539 2877 huic
572 2836 595 2876 b
645 2834 664 2890 Η
713 2837 765 2876 ’27
800 2835 1191 2889 quinquagenium
1221 2834 1323 2875 B¹R
1371 2831 1391 2890 ΙΙ
