1982 3230
294 131 401 184 392
921 129 1186 171 SGHOLIA
1214 130 1280 171 IN

298 279 446 337 atque
474 271 652 320 ceteris
678 268 959 318 hominibus
998 268 1261 320 auxiliandi
1287 272 1440 333 gratia
1470 275 1693 338 egregios
1719 289 1904 332 memoz-
1963 291 1973 293 “

299 342 581 405 randosque
607 339 804 389 labores
831 355 1096 404 perpessus
1123 342 1301 390 eximia
1326 341 1578 393 nobilitate
1603 350 1798 408 praeter
1823 361 1903 396 ce-

299 419 434 461 teros
470 417 543 460 est
577 409 911 474 peruulgatuS.
989 425 1261 474 eorumque
1304 411 1427 461 alter
1465 419 1538 463 est
1581 413 1737 473 louis,
1784 414 1906 466 alter

300 482 519 546 Neptuni
543 480 686 530 filius.
739 495 947 545 quorum
975 495 1073 529 non
1102 481 1240 530 abest
1264 483 1620 547 propinquitas.
1767 534 1778 541 ,

439 550 721 615 <CANCER
756 551 899 599 astris
925 552 1112 615 positus
1149 566 1254 601 esse
1283 552 1458 602 dicitur
1495 554 1733 605 beneficio
1758 555 1904 605 Iuno·
1947 566 1972 601 ⁵

298 623 400 679 nis,
430 621 559 686 quod
599 637 709 670 cum
738 620 977 671 Hercules
1015 637 1126 671 cum
1154 621 1314 686 Hydra
1343 623 1403 672 ad
1430 623 1615 674 sontem
1639 625 1902 676 Laernium

301 693 632 757 depugnaret,
663 691 743 741 hic
771 707 949 740 cancer
977 691 1202 741 Herculis
1228 693 1404 757 pedem
1432 709 1602 745 morsu
1627 695 1901 759 deprehen-

299 763 393 821 dit,
421 769 475 810 ut
500 762 731 827 Panyasis
759 769 931 811 auctor
958 762 1090 811 dicit.
1129 778 1275 827 quem
1302 764 1455 813 iratus
1482 764 1720 815 Hercules
1747 760 1934 814 calca?

301 839 403 882 tum
443 831 791 881 contribulauit
818 831 1158 895 beneficioque
1183 833 1384 882 Iunonis
1410 836 1600 898 magnis
1634 835 1908 885 honoribus

300 902 563 952 decoratus
600 901 688 951 XII
724 903 978 966 signorum
1026 917 1234 952 numero
1273 903 1639 955 adnumeratur.
1707 911 1820 954 sunt
1854 907 1903 955 in
1926 919 1970 952 10

298 973 395 1021 hoc
423 971 599 1038 signo>
635 973 685 1020 in
714 973 818 1022 eius
845 977 981 1021 textu
1007 970 1163 1036 <aliae
1191 972 1386 1035 stellae,
1424 990 1544 1039 quas
1573 975 1796 1025 AslNOS
1822 991 1906 1040 ap-

298 1042 534 1110 pellant).
596 1042 773 1091 Graeci
811 1043 940 1091 enim
969 1039 1135 1093 ὄνου(
1162 1043 1344 1093 dicunt.
1404 1044 1565 1109 <quos
1589 1045 1739 1094 Liber
1764 1046 1909 1095 astris

298 1112 515 1180 intulit.)
565 1112 696 1176 quod
725 1128 838 1162 cum
865 1112 925 1162 ab
953 1113 1140 1162 Iunone
1175 1115 1364 1162 insania
1401 1115 1594 1164 obiecta
1628 1115 1823 1179 fugeret
1847 1115 1909 1164 ad

300 1198 531 1240 occasuS‚
578 1189 632 1233 ut
667 1187 718 1234 in
757 1183 1008 1232 Dodonaei
1035 1182 1163 1232 Iouis
1200 1183 1381 1246 templo
1426 1200 1663 1251 responsa
1699 1190 1906 1249 peteret,
1973 1206 1978 1208 *

298 1260 353 1303 ut
388 1254 630 1303 Philiscus
675 1254 855 1309 refert,
911 1268 1118 1317 magnus
1154 1253 1312 1303 imber
1350 1270 1460 1304 cum
1497 1255 1736 1318 grandine
1772 1262 1910 1304 ortus
1932 1267 1975 1302 15

302 1330 397 1381 est,
438 1338 649 1387 cumque
684 1325 979 1373 transiturus
1018 1330 1123 1372 erat
1158 1324 1415 1381 inundata,
1467 1326 1783 1375 detinuerunt
1816 1326 1910 1374 iter

302 1395 407 1443 eius
453 1396 576 1442 asini
625 1409 683 1442 ex
722 1395 971 1442 contrario
1010 1399 1323 1443 transeuntes
1367 1409 1456 1457 per
1501 1411 1667 1459 aquas.
1741 1412 1800 1445 ex
1834 1395 1911 1444 his

302 1479 400 1513 uno
438 1463 656 1512 insidens
684 1469 732 1512 et
766 1465 872 1526 ipse
901 1469 1208 1513 transuectus
1244 1479 1351 1514 esse
1390 1467 1493 1514 sine
1520 1465 1740 1529 periculo
1778 1467 1908 1514 insa-

303 1535 482 1598 niaque
508 1533 744 1583 liberatus
770 1533 963 1582 dicitur.
1004 1538 1110 1582 uno*
1128 1537 1293 1598 itaque
1322 1550 1380 1583 ex
1406 1535 1480 1583 his
1507 1535 1683 1585 fecisse
1707 1542 1762 1584 ut
1785 1550 1910 1584 uoce

300 1604 516 1653 humana
538 1603 827 1667 loqueretur
851 1602 1101 1668 [alterum]
1124 1610 1290 1654 >cetera
1321 1605 1434 1653 uita.
1475 1605 1558 1670 qui
1579 1620 1690 1654 cum
1711 1620 1908 1654 sensum
1931 1617 1974 1650 20

304 1676 574 1738 accepisset
601 1672 762 1738 [cum]
791 1689 1003 1737 paucum
1028 1680 1237 1739 tempus,
1268 1690 1378 1723 cum
1396 1675 1575 1739 Priapo
1603 1675 1663 1724 de
1683 1674 1909 1740 membro

302 1743 513 1793 naturali
551 1744 853 1793 contendere
890 1746 1067 1807 coepit.
1140 1744 1346 1808 Priapus
1382 1745 1779 1810 conprehensum
1817 1745 1909 1794 asi-

303 1830 422 1863 num
460 1814 688 1864 occidere
726 1813 898 1863 uoluit.
939 1829 1085 1877 quem
1111 1814 1240 1863 louis
1274 1815 1515 1864 beneficio
1554 1821 1836 1878 surreptum
1864 1821 1911 1864 et

303 1900 394 1947 pro
433 1901 490 1934 eo
528 1884 737 1934 alterum
777 1884 1080 1947 subpositum
1127 1886 1455 1950 occisumque.
1529 1885 1799 1948 ambosque
1835 1886 1910 1934 in-

302 1954 499 2004 mortali
525 1955 715 2004 honore
746 1954 952 2003 donatos
987 1957 1130 2003 astris
1166 1954 1340 2004 intulit.
1402 1954 1514 2018 <est
1540 1961 1702 2005 autem
1731 1956 1801 2004 eis
1826 1954 1908 2004 ad·
1933 1966 1976 1999 25

302 2026 517 2088 positum
546 2031 593 2074 et
617 2026 950 2089 praesepium.
1003 2030 1076 2073 est
1103 2031 1150 2074 et
1177 2025 1325 2074 altera
1355 2027 1519 2088 orig0,
1550 2040 1674 2089 quae
1699 2025 1910 2074 infertur

416 2179 441 2218 5
474 2177 652 2220 Catast.
674 2191 716 2230 p.
740 2179 836 2225 245,
857 2179 913 2217 22
936 2199 990 2204 -
1011 2179 1109 2224 246,
1133 2179 1157 2217 6
1207 2176 1226 2231 ΙΙ
1274 2181 1328 2219 25
1360 2179 1540 2221 Catast.
1563 2180 1659 2228 246,
1682 2180 1836 2220 6—20

418 2321 440 2357 1
473 2323 611 2369 atque
641 2319 798 2370 scripsi
827 2320 1007 2370 partem
1041 2317 1075 2358 G
1100 2315 1119 2370 ΙΙ
1148 2318 1402 2358 auxiliandi
1429 2320 1587 2369 scripsi
1615 2316 1911 2359 auxiliandae

303 2374 337 2414 C
374 2371 395 2427 1]
434 2376 458 2413 2
481 2386 721 2427 perpessos
744 2374 785 2413 B
825 2371 843 2426 ΙΙ
883 2376 908 2414 3
939 2374 1067 2413 Iouis
1089 2387 1165 2415 om.
1187 2374 1229 2413 P
1262 2371 1285 2428 [l
1322 2375 1346 2413 6
1376 2374 1490 2425 ydra
1521 2373 1553 2413 C
1591 2370 1611 2427 ss
1649 2376 1675 2414 8
1705 2374 1911 2426 paniasis

297 2431 360 2481 fr.
379 2432 406 2470 4
428 2432 493 2470 cd.
522 2430 790 2470 Tzsclzirneri
810 2430 871 2482 (p.
896 2429 971 2482 44)
991 2426 1011 2481 Η
1032 2431 1056 2470 9
1086 2431 1235 2483 magis
1256 2431 1297 2470 B
1316 2426 1338 2484 ss
1367 2431 1416 2469 11
1448 2434 1573 2470 texto
1594 2429 1636 2469 B
1657 2426 1675 2483 Η
1703 2431 1755 2469 12
1785 2441 1912 2471 ονοιε

248 2525 251 2528 ⁴
302 2487 344 2526 P
373 2483 394 2540 ΙΙ
434 2488 487 2526 14
516 2490 566 2526 ut
586 2487 738 2527 addidi
764 2487 811 2525 in
839 2486 939 2526 add.
969 2485 1015 2524 V
1047 2482 1068 2540 ss
1111 2485 1310 2527 dodonai
1338 2486 1380 2526 B
1410 2485 1688 2526 dedonaeiu's
1708 2487 1750 2526 P
1775 2485 1911 2526 dedo—

301 2543 410 2583 naei
428 2557 457 2594 p
496 2539 517 2596 ss
557 2543 609 2583 15
639 2542 812 2582 filiscus
845 2541 879 2581 C
914 2537 935 2595 ss
974 2554 1167 2594 magnus
1194 2543 1340 2583 imber
1367 2544 1526 2594 scripsi
1552 2543 1732 2593 magnis
1753 2542 1911 2583 imbri—

302 2599 388 2638 bus
413 2599 446 2639 0
490 2597 510 2652 ΙΙ
559 2600 612 2638 16
643 2610 833 2650 cumque
855 2599 1014 2650 scripsi
1043 2610 1190 2650 eaque
1211 2599 1255 2638 P
1283 2610 1460 2650 eaquae
1482 2597 1524 2637 B
1568 2594 1587 2650 ΙΙ
1633 2597 1856 2638 innudata
1876 2598 1914 2638 0

304 2656 417 2707 quod
444 2656 623 2695 correxi
661 2650 681 2708 Η
719 2654 1014 2694 detinuerunt
1043 2655 1132 2694 iter
1159 2655 1318 2707 scripsi
1353 2654 1611 2694 detinerent
1648 2653 1770 2692 inter
1803 2653 1837 2693 C
1883 2652 1890 2705 Ι

306 2713 356 2750 17
392 2710 585 2751 aseniB
623 2707 642 2763 ΙΙ
681 2711 961 2750 transientes
991 2709 1034 2749 B
1070 2706 1090 2764 ss
1129 2711 1169 2750 is
1190 2710 1232 2750 B
1272 2707 1292 2764 ΙΙ
1330 2710 1383 2750 18
1415 2722 1514 2750 esse
1534 2710 1692 2761 scripsi
1710 2711 1781 2749 est
1803 2708 1837 2749 0

307 2768 358 2806 19
379 2766 419 2807 is
440 2766 482 2805 B
502 2763 520 2819 Η
541 2769 595 2806 20
617 2766 811 2806 alterum
832 2767 970 2806 deleui
987 2763 1006 2819 ΙΙ
1029 2770 1185 2806 cetera
1200 2767 1300 2806 uita
1314 2767 1474 2818 scripsi
1486 2764 1748 2805 laboreauit
1768 2765 1800 2805 C
1815 2761 1836 2819 [l
1854 2767 1907 2805 21

307 2824 546 2875 accepisse
567 2823 609 2862 B
637 2818 655 2875 Π
685 2835 786 2861 cum
818 2823 958 2862 deleui
981 2819 1089 2875 1122
1122 2834 1416 2875 conpressum
1445 2821 1487 2860 B
1514 2817 1534 2874 Η
1568 2822 1620 2861 23
1651 2825 1909 2873 surreptum

304 2879 463 2929 scripsi
491 2891 573 2920 suo
603 2881 801 2918 tractum
825 2878 859 2918 C
875 2875 894 2931 [J
915 2879 970 2917 24
1001 2878 1286 2930 suppositum
1304 2878 1347 2918 P
1363 2874 1382 2931 {l
1402 2877 1455 2918 25
1480 2877 1546 2917 eis
1567 2877 1608 2916 P
1637 2877 1735 2917 eius
1755 2873 1836 2930 Bss
