1982 3230
774 75 958 118 Lmen
987 76 1051 119 vl
1590 75 1693 129 217

82 220 207 276 sica,
265 232 410 284 quam
456 217 632 268 Graeci
671 217 864 283 Cyrnon
912 216 1251 283 appellauere,
1301 216 1449 283 longa
1493 225 1692 269 centum

82 290 443 355 quinquaginta
462 286 662 337 milibus
688 302 939 351 passuum,
967 287 1062 338 lata
1091 291 1466 355 quinquaginta.
1529 290 1689 339 circu·

82 362 231 409 mitus
281 360 386 411 eius
434 358 592 407 omnis
643 357 936 409 distenditur
985 358 1185 409 milibus
1235 360 1471 409 trecentis
1520 360 1691 424 uiginti
1712 374 1851 415 2076

84 431 316 495 quinque.
390 427 540 477 habet
567 428 793 479 ciuitates
828 429 1028 493 triginta
1065 435 1182 479 tres.
1259 431 1350 479 sita
1377 437 1542 480 autem
1571 431 1693 481 citra

18 520 38 552 5
87 506 160 550 est
198 498 397 563 Oglasa,
435 499 562 548 intra
593 500 640 548 in
666 500 973 564 sexagesimo
1003 498 1233 549 Corsicae
1269 499 1510 557 Planasia,
1548 500 1694 550 fallax

82 569 416 633 nauigantium
469 570 814 635 mentiensque
863 570 1224 634 propinquitas,
1301 569 1432 633 Vrgo
1484 572 1601 621 item
1648 577 1696 621 et

83 640 340 704 Capraria,
381 654 529 702 quarn
554 638 778 704 Aegilion
806 640 986 689 Graeci
1023 640 1270 689 dixerunt.
1346 640 1464 689 item
1500 640 1694 704 Igilium

82 709 321 759 Dianium.
387 710 502 759 item
531 708 843 760 Columbaria
870 710 1094 759 Veneria.
1158 711 1272 760 item
1303 708 1429 760 ultra
1458 709 1694 760 Tiberina

81 780 199 828 ostia
225 780 275 828 in
300 781 504 829 Antiano
530 778 772 830 Palmaria
800 780 1000 830 Sinonia
1030 786 1076 830 et
1102 782 1151 829 in
1179 780 1448 830 Formiano
1477 782 1692 839 Pontiae,

19 869 61 901 10
83 849 371 899 Pandataria
411 850 679 916 Prochyta,
707 850 977 901 Abaeneria
1006 851 1218 900 Inarime
1254 867 1280 900 a
1309 852 1510 901 Graecis
1548 852 1693 909 dicta,

79 920 363 978 Pithecusa,
406 926 453 970 et
478 914 869 986 Megaris'etiam
907 922 956 970 in
983 921 1323 986 NeapolitanO.
1399 937 1426 972 a
1454 923 1695 972 Surrento

81 991 129 1040 in
157 997 334 1040 octauo
370 990 579 1040 miliario
607 992 840 1056 Capreae.
915 993 1034 1041 item
1072 992 1368 1042 Leucothea.
1443 993 1540 1042 iam
1566 993 1695 1043 Afri·
1728 1007 1813 1050 645

93 1076 204 1110 cum
231 1076 369 1110 mare
406 1069 632 1125 spectans
662 1077 688 1111 a
715 1062 912 1112 Corsica
948 1064 998 1110 in
1035 1068 1211 1112 octauo
1249 1063 1472 1112 Sardinia
1510 1070 1608 1122 est,
1647 1065 1697 1113 in

82 1146 179 1196 quo
207 1137 415 1194 angusto
451 1132 578 1181 freto
605 1138 719 1181 sunt
745 1147 928 1196 paruae
955 1132 1172 1190 insulae,
1203 1149 1327 1198 quae
1356 1133 1698 1184 Cuniculariae

18 1219 58 1252 15
81 1201 435 1265 perhibentur,
474 1203 591 1251 item
618 1203 840 1251 Pintonis
868 1208 914 1252 et
940 1203 1137 1252 Fossae.
1214 1219 1390 1252 uerum
1420 1204 1643 1253 Sardinia
1670 1220 1697 1254 a

82 1271 240 1320 Sardo
284 1271 383 1320 filio
427 1271 654 1321 Herculis
699 1271 941 1335 appellata
992 1272 1142 1322 habet
1191 1273 1402 1322 formam
1453 1274 1699 1323 humanae

80 1341 295 1406 plantae.
373 1341 585 1406 denique
622 1341 928 1392 Sandaliotes
975 1351 1046 1391 est
1094 1342 1335 1407 appellata
1383 1349 1431 1393 et
1467 1344 1695 1401 Ichnusa,

83 1411 214 1476 quod
268 1417 534 1475 utrumque
580 1413 773 1475 uestigii
817 1412 1028 1462 formam
1075 1413 1333 1477 significat.
1410 1429 1588 1463 uerum
1636 1415 1696 1464 ab

84 1483 276 1531 oriente
303 1488 500 1531 centum
527 1483 774 1546 octoginta
805 1489 916 1531 octo
944 1482 1144 1533 milibus
1170 1490 1320 1548 patet,
1352 1483 1412 1533 ab
1441 1485 1697 1534 occidente

19 1571 60 1602 20
86 1559 280 1601 centum
317 1554 623 1617 septuaginta
669 1554 910 1617 quinque,
951 1569 975 1602 a
1022 1555 1226 1603 meridie
1271 1556 1581 1619 septuaginta
1621 1572 1699 1606 sev

82 1628 233 1687 ptem,
262 1638 288 1671 a
315 1623 669 1687 septemtrione
696 1630 893 1672 centum
915 1624 1091 1688 uiginti
1112 1626 1329 1690 quinque
1356 1625 1504 1676 milia.
1550 1625 1700 1676 habet

85 1708 111 1742 a
138 1692 408 1742 Gorditano
435 1695 781 1757 promunturio
807 1693 994 1743 insulas
1020 1694 1158 1751 duas,
1189 1709 1314 1758 quae
1336 1695 1567 1746 Herculis
1595 1712 1698 1746 me-

86 1770 363 1820 morantur,
403 1779 428 1812 a
457 1763 679 1814 Sulcensi
708 1763 919 1820 Enusin,
949 1780 975 1813 a
1003 1764 1279 1814 Caralitano
1306 1766 1548 1815 Ficariam
1578 1766 1697 1832 [Ga-

22 1977 25 1980 ,
199 1933 223 1979 ξ
246 1931 328 1971 645
361 1944 414 1971 ex
444 1930 601 1972 Plinio
623 1931 692 1972 III
714 1932 767 1973 83
801 1931 977 1983 (Solino
1009 1946 1052 1986 p.
1075 1934 1141 1978 50,
1168 1935 1220 1974 15
1232 1933 1270 1985 P)
1296 1938 1340 1974 et
1363 1934 1417 1974 85
1442 1938 1488 1975 et
1509 1935 1565 1975 84
1588 1934 1697 1987 (Ga-

86 1987 232 2026 latam
270 1999 324 2026 ex
346 1987 500 2028 Plinio
534 1987 601 2027 ΙΙΙ
633 1990 685 2028 92
718 1987 988 2041 assumpsit)

201 2144 225 2182 2
264 2142 394 2182 milia
426 2147 524 2182 ante
558 2142 822 2184 circumitus
856 2141 1093 2196 (circuitus
1125 2142 1166 2195 b)
1199 2146 1301 2185 add.
1335 2146 1359 2185 b
1412 2143 1432 2199 ΙΙ
1481 2149 1506 2187 3
1546 2153 1699 2187 osten·

87 2199 209 2239 ditur
228 2199 267 2239 R
305 2195 324 2253 ll
377 2200 404 2239 4
436 2199 528 2239 sita
562 2202 715 2240 autem
738 2200 858 2241 citra
891 2203 960 2240 est
982 2199 1157 2253 Oglasa
1190 2198 1360 2252 (oclisa
1381 2201 1463 2243 BR
1493 2203 1635 2244 oclifa
1655 2204 1698 2252 b)

86 2256 211 2295 intra.
236 2255 407 2296 Grotius
438 2255 568 2308 stipa
598 2259 752 2297 autem
776 2258 895 2296 citra
918 2260 1003 2308 est,
1035 2256 1088 2297 Ο.
1111 2257 1235 2297 infra
1263 2271 1292 2309 p
1331 2255 1349 2311 ΙΙ
1385 2259 1410 2298 6
1442 2271 1552 2311 argo
1576 2260 1657 2300 BR
1686 2258 1702 2313 ll

88 2315 111 2353 7
153 2311 334 2364 eleg-ion
363 2311 447 2352 BR
486 2312 622 2364 egian
654 2312 677 2352 b
726 2309 746 2366 Η
795 2312 995 2365 elegium
1024 2312 1068 2352 B
1106 2313 1294 2366 eligium
1324 2314 1363 2354 R
1401 2315 1590 2367 egilium
1622 2315 1646 2355 b

89 2370 114 2408 9
145 2367 296 2408 hostia
326 2367 349 2407 b
407 2367 427 2421 Η
483 2368 644 2409 antino
674 2369 738 2409 Rb
790 2370 954 2409 antina
982 2368 1025 2409 B
1074 2366 1092 2422 Η
1157 2371 1210 2410 10
1260 2371 1528 2422 pantatoria
1559 2370 1641 2411 BR
1692 2316 1700 2423 Ι

89 2427 283 2476 proeyta
305 2423 342 2462 R
371 2423 553 2475 procita
574 2423 615 2463 B
646 2423 858 2477 prochita
888 2425 912 2466 b
962 2422 981 2479 ΙΙ
1031 2426 1254 2466 abeneria
1286 2426 1368 2466 BR
1399 2426 1652 2468 abueneria
1675 2426 1700 2467 b

91 2480 148 2520 ab
180 2479 386 2520 Aenaria
419 2479 580 2519 Plinius
610 2480 667 2531 cf.
689 2480 890 2533 Koppius
937 2477 956 2535 Η
1006 2483 1056 2521 11
1089 2482 1297 2534 pitecusa
1330 2482 1412 2523 BR
1441 2487 1700 2535 pytagussa

89 2535 109 2576 1
139 2539 368 2588 pyteguas
400 2535 424 2575 b
473 2531 492 2589 Η
542 2540 782 2576 assui-ento
805 2536 846 2575 B
875 2541 1064 2578 surento
1086 2538 1124 2578 R
1171 2536 1190 2592 Η
1242 2539 1292 2578 12
1324 2540 1384 2579 ad
1412 2543 1577 2580 octauo
1596 2541 1699 2582 add.

93 2593 244 2632 atacio
275 2592 299 2633 b
338 2587 358 2646 Η
396 2591 609 2632 leocotea
631 2590 712 2632 BR
741 2592 959 2633 leucotea
979 2593 1003 2633 b
1042 2590 1062 2647 ΙΙ
1100 2594 1193 2633 iam
1215 2593 1298 2634 BR
1327 2595 1372 2634 in
1395 2594 1418 2635 b
1456 2591 1478 2648 [Ι
1518 2597 1570 2636 13
1594 2607 1698 2635 eur-

92 2649 190 2689 sica
221 2646 321 2688 B¹R
369 2644 388 2702 ss
438 2650 492 2688 14
533 2646 848 2689 coniculariae
881 2647 962 2688 BR
1009 2645 1028 2702 Η
1078 2650 1131 2690 15
1170 2649 1415 2690 Phintonis
1448 2654 1493 2691 et
1522 2651 1699 2692 Fossae

95 2705 258 2744 Plinius
288 2703 513 2756 Pythonis
545 2704 700 2744 fossae
732 2705 839 2745 coni.
868 2704 1039 2745 Grotius
1086 2701 1106 2758 ΙΙ
1156 2707 1208 2746 17
1238 2706 1404 2758 ignosa
1435 2706 1517 2748 BR
1546 2708 1698 2761 signo-

96 2772 148 2800 sa
179 2761 202 2800 b
251 2757 271 2815 Ι]
318 2762 372 2801 22
405 2758 644 2802 corditano
666 2759 748 2800 BR
794 2757 814 2814 {l
862 2762 1200 2813 promunctorio
1221 2762 1244 2802 b
1283 2759 1303 2816 ss
1351 2764 1406 2804 23
1435 2762 1596 2804 ficaria
1618 2762 1703 2804 BR

95 2816 303 2869 figariam
335 2817 358 2857 b
407 2813 426 2870 1]
478 2816 788 2868 Galatamque
821 2818 976 2857 deleuit
995 2817 1238 2858 Liideekius
1260 2819 1317 2870 cf.
1341 2820 1400 2860 ad
1418 2819 1443 2869 §
1466 2821 1549 2860 648
1587 2817 1606 2873 Η
