1982 3230
48 72 54 79 .
4 0 57 58 ‘vit'

775 63 963 105 LIBER
992 63 1058 107 vt
1599 61 1709 114 209

95 205 260 254 trauit.
340 203 400 255 de
439 205 648 254 confinio
684 206 799 254 item
836 203 897 255 ab
934 205 1137 255 orientis
1172 205 1413 270 principio
1453 210 1502 254 et
1536 203 1708 255 IndIco

95 275 222 325 mari
253 289 383 340 pam,
421 290 545 339 quae
580 276 739 338 pergit
787 276 835 324 in
871 274 1099 340 Caspium
1135 291 1289 332 mare,
1328 290 1355 324 a
1382 274 1707 326 Macedonum

96 344 338 397 classibus
372 345 633 409 remigata‚
663 345 781 394 dum
808 345 1044 395 Seleucus
1074 353 1122 396 et
1146 346 1415 395 Antiochus
1451 347 1706 410 regnauis-

95 421 220 466 sent.
277 414 415 482 palus
439 429 561 464 uero
588 415 822 465 Maeotica
850 415 1069 465 eiusdem
1097 417 1236 466 sinus
1264 415 1478 465 liabetur
1506 416 1703 467 Oceani.

27 496 51 530 5
96 487 213 535 item
250 485 375 535 laeui
413 484 578 535 lateris
614 485 900 535 circumflua
935 492 1292 534 memorentur.
1370 486 1430 535 ab
1466 488 1583 550 ipsis
1610 488 1709 537 ita-

94 571 190 621 que
217 555 459 605 columnis
483 555 738 612 Herculis,
767 571 893 620 quae
920 557 969 604 in
998 556 1239 606 Gaditano
1266 562 1380 605 sunt
1414 556 1561 607 litore
1589 573 1705 607 con-

93 632 339 682 secratae,
385 642 543 691 usque
587 628 636 675 in
681 626 944 675 Arabicum
989 626 1148 675 sinum
1198 626 1501 675 meridianus
1548 629 1709 678 omnis

90 702 377 762 permeatur
406 696 631 746 Oceanus
666 698 736 745 sic
758 702 811 746 ut
846 695 1072 760 plurimis
1107 703 1424 747 asseueratur
1453 698 1707 762 exemplis.

91 781 206 816 nam
243 768 347 816 eius
393 769 657 816 maximam
708 772 899 832 partem
938 768 1099 830 Magni
1136 767 1402 816 Alexandri
1447 766 1705 818 sulcauere

29 850 70 882 10
91 838 345 887 uictoriae.
395 839 444 886 in
473 837 647 887 eodem
675 838 885 887 Arabico
912 839 1022 886 sinu
1050 840 1316 888 constituto
1346 839 1465 888 Gaio
1496 838 1704 889 Caesare

90 907 297 970 Augusti
323 907 447 964 lilio,
487 909 813 972 Hispanarum
850 910 1050 958 nauium
1089 909 1396 971 naufragium
1436 914 1483 958 et
1523 910 1708 959 eiectae

1738 220 1824 262 619

1740 503 1823 544 620

1737 784 1818 823 621

91 977 485 1042 fragmentorum
521 979 757 1042 reliquiae
792 978 1060 1044 paruere.)
1116 981 1231 1029 item
1258 979 1434 1028 Hanno
1463 979 1582 1028 dum
1608 980 1702 1030 Pu·
1727 994 1861 1036 2016

91 1049 257 1097 nicum
294 1049 498 1099 floreret
533 1050 796 1114 imperium
836 1049 1154 1099 Mauritaniae
1192 1051 1399 1099 circuitu
1436 1066 1494 1099 ac
1528 1050 1707 1100 dehinc

92 1118 354 1168 meridiani
378 1119 536 1169 flexus
563 1135 775 1169 excursu
811 1121 860 1168 in
886 1120 1097 1170 Arabiae
1134 1122 1374 1170 terminos
1401 1119 1590 1184 prolixa
1620 1122 1705 1171 ad-

28 1199 70 1234 15
93 1189 292 1238 modum
322 1192 637 1254 nauigatione
674 1192 916 1255 peruenit.
996 1190 1252 1240 Cornelius
1279 1198 1452 1240 auctor
1480 1192 1708 1241 adfirmat

93 1259 339 1325 quendam
365 1261 623 1310 Eudoxum
662 1261 934 1324 fugientem
960 1262 1091 1322 regis
1126 1261 1328 1310 insidias
1356 1277 1415 1310 ex
1442 1261 1621 1311 Arabia
1657 1262 1706 1310 in

92 1331 327 1381 Gaditana
362 1331 650 1395 peruenisse
686 1330 890 1394 refugia.
967 1330 1161 1381 Caelius
1188 1332 1443 1394 Antipater
1468 1347 1522 1381 se
1548 1333 1706 1381 homi-

90 1415 203 1450 nem
230 1401 410 1450 uidisse
436 1402 711 1458 confirmat,
742 1402 823 1467 qui
851 1402 1195 1466 negotiationis
1223 1402 1402 1452 ardore
1428 1403 1479 1451 in
1505 1403 1705 1451 Aethio-

89 1472 221 1536 piam
249 1487 309 1521 ex
332 1470 567 1536 Hispania
595 1473 891 1535 nauigasset.
955 1472 1087 1522 idem
1115 1471 1372 1522 Cornelius
1398 1478 1509 1538 post
1537 1479 1706 1539 captos

26 1553 69 1585 20
92 1541 237 1591 Indos
264 1558 354 1607 per
382 1542 696 1606 Germaniam
723 1543 994 1607 nauigauit.

233 1611 497 1662 Ostensum
524 1619 642 1677 puto
678 1613 918 1662 ambitum
953 1614 1222 1679 superioris
1248 1620 1411 1663 terrae
1438 1628 1704 1679 permenso

90 1684 143 1732 in
188 1682 426 1733 circulum
467 1685 592 1732 mari
636 1684 998 1748 undiquesecus
1047 1686 1293 1748 nauigato.
1370 1699 1504 1733 nunc
1552 1685 1706 1747 ipsius

91 1753 386 1803 diuisionem
431 1761 594 1803 terrae
639 1760 877 1819 quantum
920 1755 1102 1817 patitur
1146 1756 1397 1804 succincta
1442 1755 1705 1804 insinuatio

92 1823 397 1873 memorabo.
453 1823 666 1874 circulus
692 1825 852 1872 omnis
878 1839 1086 1888 superae
1114 1824 1490 1887 habitabilisque
1517 1825 1707 1875 telluris

26 1903 70 1937 25
92 1895 163 1944 sic
187 1901 242 1943 ut
267 1893 489 1959 plerique
516 1900 760 1945 testantur
781 1896 830 1943 in
858 1900 956 1945 tres
977 1902 1142 1959 partes
1168 1901 1242 1945 est
1261 1895 1578 1946 distributus:
1607 1896 1706 1946 Eu·

205 2050 230 2099 5
261 2050 344 2090 619
377 2062 433 2090 ex
462 2049 614 2091 Plinio
645 2050 692 2091 11
724 2051 804 2091 167
838 2053 884 2090 et
916 2050 995 2090 168
1034 2046 1055 2104 U
1103 2052 1127 2102 ξ
1159 2052 1242 2092 620
1275 2054 1321 2091 et
1351 2052 1431 2092 621
1466 2064 1522 2092 ex
1553 2050 1709 2093 Plinio

91 2106 139 2147 ΙΙ
170 2106 392 2147 168-170
441 2103 460 2160 ΙΙ
509 2106 534 2156 ἓ
564 2107 647 2147 622
680 2109 727 2146 et
756 2107 839 2148 623
871 2119 928 2147 ex
959 2105 1109 2148 Plinio
1139 2108 1211 2148 ΙΙΙ
1232 2110 1257 2148 3

204 2247 232 2287 4
254 2248 455 2288 meotica.
475 2246 560 2287 BD
599 2244 618 2300 Ι]
658 2248 683 2286 6
713 2246 879 2288 literae
902 2248 942 2287 D
982 2245 1001 2302 ΙΙ
1041 2250 1067 2290 8
1097 2248 1139 2289 si
1161 2249 1200 2288 D
1238 2246 1257 2302 [Ι
1299 2250 1351 2290 10
1375 2262 1534 2291 cesare
1556 2249 1642 2290 BD

95 2305 145 2344 11
178 2316 428 2357 spanarum
458 2303 499 2343 B
540 2303 807 2354 ispanarum
839 2305 877 2344 D
936 2300 955 2357 ΙΙ
1017 2307 1066 2344 12
1106 2305 1274 2345 Hanno
1302 2319 1331 2358 p
1374 2307 1512 2346 annio
1540 2305 1622 2346 BR

95 2362 147 2400 13
178 2360 488 2400 maturianiae
511 2360 548 2400 R
574 2355 594 2413 Η
623 2373 678 2399 ac
696 2374 728 2412 p
758 2360 846 2400 hac
870 2360 949 2401 BR
975 2357 995 2413 11
1026 2361 1078 2400 16
1101 2360 1344 2402 eudoxium
1370 2363 1404 2402 R
1436 2359 1455 2416 ΙΙ
1487 2361 1687 2406 lsethio

91 2418 217 2469 piam
239 2414 321 2456 BR
356 2411 376 2468 11
420 2417 470 2456 19
492 2416 679 2468 ispania
699 2416 742 2455 B
771 2417 934 2469 spania
958 2418 994 2458 R
1022 2417 1232 2471 isspania
1254 2431 1279 2457 r
1316 2414 1336 2471 11
1376 2432 1431 2458 an
1453 2418 1606 2471 posuit
1623 2432 1706 2471 pro

92 2477 201 2525 post
230 2476 272 2512 et
302 2472 552 2524 nauigasse
581 2472 876 2513 scribendum?
924 2469 944 2527 Η
993 2477 1155 2526 captus
1179 2474 1236 2513 B·
1278 2471 1297 2527 [1
1348 2474 1412 2516 Μ.
1443 2475 1549 2514 haec
1580 2475 1711 2516 Plinii

91 2528 226 2569 uerba
265 2530 458 2580 corrupit
495 2526 615 2568 idem
644 2528 799 2580 Nepos
839 2528 894 2572 de
933 2530 1290 2582 septentrionali
1330 2531 1528 2570 circuitu
1565 2531 1707 2571 tradit

95 2584 150 2636 Q.
182 2584 371 2625 Metello
406 2583 563 2624 Celeri
593 2584 644 2626 L.
678 2584 843 2625 Afrani
880 2586 928 2624 in
960 2586 1203 2626 consulatu
1242 2586 1466 2640 conlegae
1499 2586 1581 2626 sed
1611 2591 1708 2627 tum

95 2639 282 2681 Galliae
321 2640 587 2694 proconsuli
618 2639 759 2681 Indos
791 2654 818 2680 a
849 2654 958 2694 rege
990 2641 1240 2682 Sueuorum
1273 2641 1391 2682 dono
1429 2643 1584 2690 datm,
1626 2645 1708 2696 qui

97 2709 155 2738 ex
173 2696 306 2737 India
339 2698 569 2738 conmerci
601 2709 744 2738 causa
773 2698 1054 2750 nauigantes
1083 2699 1439 2751 tempestatibus
1471 2702 1630 2740 essent
1658 2700 1710 2741 in

97 2752 393 2794 Germaniam
425 2754 607 2807 abrepti
652 2750 671 2806 ΙΙ
729 2755 784 2794 2-2
816 2753 1036 2806 nauigato
1066 2755 1225 2807 scripsi
1252 2755 1523 2809 nauigatum
1545 2756 1626 2797 BR
1663 2753 1686 2810 ll

93 2810 148 2851 25
179 2822 391 2863 europem
420 2810 460 2851 R
505 2807 528 2864 [Ι

182 2906 450 2936 unimanus
473 2906 684 2937 carnum
1300 2883 1367 2934 14
