1982 3230
763 70 952 112 mnan
981 70 1046 112 VI
1574 68 1681 122 219

72 212 285 277 strepitu
319 211 543 276 mugiens
580 215 629 261 et
652 211 905 261 inmensos
941 211 1167 275 fragores
1201 212 1429 262 intonans
1455 210 1676 262 oblucta-

75 284 207 333 tione
232 283 558 333 ssammarum.
634 282 684 330 in
711 281 877 331 Siculo
905 283 1052 331 etiam
1077 283 1206 333 freto
1231 281 1417 332 insulas
1445 297 1552 332 esse
1577 297 1678 332 non
1710 298 1793 340 648

73 353 278 403 dubium
322 359 411 403 est.
483 350 698 402 Africam
734 367 911 402 uersus
938 351 1143 410 GauloS,
1180 352 1341 402 Melita
1368 368 1394 402 a
1423 352 1681 404 Camarina

72 425 122 473 in
148 422 343 473 milibus
375 422 622 486 octoginta
649 428 775 479 octo,
804 437 831 471 a
856 422 1088 487 Lilybaeo
1114 423 1165 472 in
1193 424 1677 481 centumvtredecim

22 505 51 541 ,5
76 493 292 544 Consura
328 493 630 542 Hieronesos
668 491 831 542 Coene
870 495 1058 543 Galata
1107 493 1407 559 Lopadusa>
1444 494 1677 551 Aethusa,

72 578 218 627 quam
254 561 336 613 alii
360 563 606 627 Aegusam
643 563 836 619 dixere,
879 567 927 612 et
961 568 1170 613 ceterae.
1247 569 1362 613 sunt
1395 563 1520 614 aliae
1558 565 1679 613 citra

71 631 308 684 Siciliam:
337 649 397 683 ex
423 633 633 683 aduerso
659 633 871 686 Metauri
897 634 1052 683 amnis
1077 635 1128 682 in
1154 633 1391 682 uicesimo
1418 635 1590 699 quinto
1617 633 1678 683 ab

68 701 206 753 Italia
231 709 420 767 septem
446 702 659 761 Aeoliae,
688 701 960 767 appellatae
987 719 1013 752 a
1040 703 1223 753 nostris
1248 702 1537 760 Vulcaniae,
1567 719 1681 754 cum

69 773 279 824 diuersis
303 773 587 824 nominibus
622 775 782 839 prima
809 774 988 823 dicitur
1013 774 1218 839 Lipara,
1248 775 1464 824 secunda
1494 774 1681 824 Thera-

3 854 48 888 ιο
69 845 164 901 sia,
201 844 343 894 tertia
371 843 658 909 Strongyle,
695 845 744 893 in
781 859 873 908 qua
900 843 1081 895 Aeolus
1115 859 1351 909 regnasse
1386 845 1544 894 fertur
1581 850 1629 894 et
1655 860 1682 894 e

67 914 265 965 flamma
290 916 341 963 in
366 916 592 980 proximo
612 920 970 980 prorumpente
996 914 1078 965 uel
1105 915 1208 965 eius
1229 915 1365 965 fumo
1393 916 1477 978 qui
1502 920 1682 965 uentus

67 984 276 1035 flaturus
303 992 431 1035 esset
455 984 776 1043 intellexisse,
806 986 935 1050 quod
964 986 1212 1051 hodieque
1240 986 1344 1035 eius
1370 985 1468 1035 loci
1494 985 1682 1036 incolas

68 1061 260 1105 certum
296 1062 369 1105 est
402 1057 724 1120 praesentire.
781 1063 953 1120 quarta
990 1071 1110 1106 uero
1156 1055 1315 1105 insula
1353 1062 1427 1106 est
1460 1056 1681 1122 Didyme,

70 1126 238 1190 quinta
265 1126 486 1183 Ericusa,
514 1133 646 1176 sexta
674 1126 996 1185 Phoenicusa,
1025 1126 1196 1177 ultima
1222 1126 1521 1192 Euonymos

3 1206 46 1240 15
211 1195 301 1245 Hie
325 1197 516 1261 primus
542 1196 771 1260 Europae
797 1198 934 1246 sinus
959 1197 1161 1247 Ausonii
1187 1198 1339 1247 maris
1365 1202 1500 1261 patet
1526 1212 1681 1247 nona-
1714 1210 1796 1252 649

70 1267 201 1329 ginta
228 1281 313 1316 sex
339 1266 564 1323 milibuS,
605 1266 787 1331 quique
814 1272 915 1316 tres
951 1268 1088 1316 sinus
1114 1266 1279 1316 habet.
1346 1266 1515 1316 ltaliae
1542 1267 1681 1316 frons

69 1337 267 1400 incipit,
297 1351 422 1400 quae
447 1337 624 1401 Magna
651 1337 857 1386 Graecia
885 1336 1130 1402 appellata
1157 1343 1246 1395 est,
1275 1335 1359 1387 ubi
1385 1338 1604 1386 amnium
1634 1343 1682 1387 et

69 1406 378 1471 oppidorum.
401 1408 556 1471 copia.
634 1422 691 1456 ac
716 1411 835 1456 tunc
860 1414 1056 1471 portuS,
1095 1409 1179 1472 qui
1204 1407 1494 1457 Hannibalis
1521 1413 1683 1458 castra

69 1476 325 1534 dicuntur,
374 1476 462 1526 ubi
504 1476 709 1527 latitudo
756 1476 921 1527 ltaliae
966 1479 1144 1542 uiginti
1195 1477 1310 1528 solis
1357 1477 1555 1528 milibus
1601 1493 1682 1528 ae-

0 1559 38 1594 20
68 1548 308 1596 stimatur.

209 1617 398 1667 Dehinc
423 1634 450 1667 a
476 1617 674 1667 Lacinio
701 1619 1047 1682 promunturio
1075 1618 1322 1669 secundus
1347 1620 1521 1683 incipit
1546 1619 1682 1669 sinus
1713 1607 1797 1647 650

68 1686 298 1752 Europae
318 1702 497 1751 magno
524 1687 712 1739 ambitu
731 1688 890 1739 flexus
911 1690 1332 1739 etAcroceraunio
1351 1689 1488 1754 Epiri
1513 1689 1681 1739 termi-
1704 1664 1730 1704 2
1735 1664 1788 1703 ⁰⁹
1801 1661 1836 1703 G

69 1764 216 1808 natur
241 1760 607 1823 promunturio,
635 1775 661 1808 a
684 1774 781 1823 quo
809 1758 949 1809 abest
969 1760 1216 1824 octoginta
1238 1760 1456 1824 quinque
1482 1758 1682 1810 milibus

23 1978 25 1981 Ι
183 1927 207 1976 ἓ
240 1927 322 1967 648
364 1940 419 1967 ex
448 1927 601 1967 Plinio
634 1926 702 1967 III
734 1928 903 1969 92—94
951 1925 965 1979 ΙΙ
1014 1927 1038 1976 ἕ
1070 1927 1152 1968 649
1193 1940 1248 1969 ex
1277 1927 1433 1969 Plinio
1466 1927 1536 1969 111
1566 1929 1620 1970 95
1670 1923 1684 1977 ΙΙ

69 1983 95 2032 ἓ
127 1984 210 2024 650
240 1995 296 2023 ex
326 1982 477 2024 Plinio
507 1983 578 2023 III
608 1985 676 2035 97,
702 1985 797 2037 100,
823 1984 918 2034 150,
943 1984 1022 2025 151

183 2139 210 2178 3
241 2136 378 2190 gaulo
408 2137 494 2178 BD
541 2135 562 2192 Η
609 2137 781 2179 meleta
811 2137 853 2178 B
884 2137 1061 2179 melata
1092 2138 1133 2178 D
1181 2135 1202 2193 Η
1251 2151 1308 2179 ac
1339 2139 1520 2180 marina
1553 2152 1581 2180 a
1613 2139 1681 2192 ly-

70 2192 194 2234 libeo
227 2192 306 2243 (ita
325 2193 368 2233 B
397 2193 540 2235 lilbeo
562 2193 623 2247 D)
655 2196 703 2235 in
733 2193 920 2235 milibus
951 2197 1192 2248 octoginta
1213 2198 1314 2237 octo
1338 2208 1536 2237 consura
1559 2195 1685 2246 (cen-

71 2261 181 2291 sura
211 2247 253 2301 b)
286 2250 335 2289 in
367 2254 548 2291 eentum
579 2251 798 2292 tredecim
820 2250 905 2290 BD
927 2264 1041 2292 corr.
1064 2264 1122 2293 eoe
1142 2252 1284 2292 Plinio
1303 2265 1334 2304 p
1373 2248 1394 2306 ΙΙ
1441 2254 1469 2292 4
1498 2251 1684 2292 milibus

68 2312 171 2359 post
209 2304 431 2346 tredecim
470 2308 571 2350 add.
610 2307 633 2347 b
714 2303 732 2361 ΙΙ
803 2308 828 2348 5
859 2319 1119 2348 ,eronesros
1159 2307 1202 2347 B
1251 2307 1525 2348 herohesros
1576 2308 1618 2348 D

73 2374 188 2402 cene
219 2361 243 2401 b
305 2357 325 2415 Ι]
402 2361 573 2404 Galata
613 2377 672 2404 ex
700 2364 840 2404 Plinio
882 2364 982 2404 add.
1016 2363 1260 2404 Liideclcius
1298 2364 1357 2415 ef.
1389 2365 1448 2404 ad
1483 2365 1507 2413 ξ
1540 2365 1626 2404 645

72 2415 346 2470 lampadusa
367 2418 452 2458 BD
487 2415 508 2472 11
551 2422 709 2460 astusa
730 2419 812 2459 BR
851 2415 870 2472 {l
909 2421 932 2459 7
955 2419 1126 2472 uiginti
1150 2420 1358 2472 quinque
1378 2419 1509 2460 milia
1531 2421 1588 2462 ab
1613 2420 1652 2462 R

73 2473 103 2514 8
141 2472 376 2526 apellatae
407 2473 489 2515 BR
544 2471 564 2528 Η
620 2477 646 2515 9
685 2474 851 2515 diuisis
882 2474 925 2514 B
981 2472 1001 2528 ΙΙ
1057 2476 1232 2516 terasia
1262 2476 1305 2515 B
1355 2476 1554 2517 terrasia
1584 2476 1623 2517 R
1670 2475 1676 2529 1

75 2530 129 2571 10
159 2529 384 2582 strongile
413 2529 456 2569 B
504 2526 524 2584 Η
574 2531 626 2571 13
656 2530 838 2582 dydime
868 2529 911 2570 B
959 2527 979 2584 [l
1030 2532 1083 2572 14
1114 2544 1310 2585 erepusa
1339 2532 1423 2573 BR
1471 2529 1489 2586 ΙΙ
1540 2531 1687 2574 foeni-

73 2597 156 2626 cus
186 2586 224 2626 R
264 2584 444 2626 fenicus
478 2585 517 2626 B
556 2586 807 2638 phoenicos
838 2586 861 2627 b
923 2583 930 2639 1
979 2586 1197 2639 donymos
1228 2587 1311 2628 BR
1357 2584 1378 2642 [l
1428 2589 1480 2629 15
1522 2589 1687 2630 ansoni

73 2639 175 2682 B¹R
213 2637 232 2693 ΙΙ
278 2642 513 2683 LXXXVI
542 2641 590 2680 M
621 2655 663 2694 p.
701 2642 861 2683 Plinius
897 2639 905 2694 1
966 2643 1017 2683 17
1051 2643 1314 2696 appellatur
1343 2644 1367 2684 b
1406 2641 1425 2698 ΙΙ
1475 2645 1527 2686 18
1558 2643 1686 2687 locus

75 2696 158 2738 BR
187 2700 347 2750 portus
376 2698 399 2738 b
449 2694 468 2752 11
518 2697 752 2738 annibalis
782 2696 899 2738 B¹R¹
950 2695 970 2751 ΙΙ
1020 2699 1071 2738 19
1111 2698 1422 2752 quadraginta
1461 2699 1573 2741 solis
1604 2701 1687 2743 BR

77 2750 243 2794 CXXX
275 2753 386 2794 solis
416 2754 440 2794 b
481 2751 500 2808 11
548 2756 599 2794 21
632 2754 944 2806 promuntorio
967 2754 991 2794 b
1055 2755 1334 2796 romonturio
1356 2756 1395 2796 R
1443 2752 1462 2810 ΙΙ
1510 2758 1564 2797 22
1596 2761 1686 2798 ter-

76 2808 310 2850 minantur
331 2808 389 2849 B¹
439 2806 460 2864 l}
507 2812 561 2851 23
592 2810 900 2864 promonturio
923 2811 961 2851 R
1009 2767 1050 2864 ΙΓ
1076 2811 1244 2853 LXXV
1273 2811 1321 2852 M
1350 2825 1393 2865 p.
1428 2812 1590 2855 Plinius
1627 2812 1643 2867 ΙΙ
