1982 3230
276 84 381 138 202
753 84 1053 127 MARTIANI
1083 85 1401 128 CAPELLAE

157 235 247 276 597
280 228 459 277 tatione
497 226 785 275 discussum.
862 227 1042 290 quippe
1075 226 1272 291 scaphia
1308 226 1537 277 dicuntur
1572 230 1782 279 rotunda
1817 245 1878 280 ex
1952 223 1955 226 ’

157 583 245 625 598

163 978 245 1017 599

122 1031 256 1072 1956

157 1773 243 1814 600

278 312 393 347 aere
430 311 573 352 uasa,
602 310 726 359 quae
760 295 995 345 horarum
1022 295 1197 346 ductus
1230 296 1326 346 stili
1350 299 1402 346 in
1435 298 1595 348 medio
1621 298 1772 349 fundo
1797 301 1878 350 siti

276 367 574 431 proceritate
623 365 984 424 discriminant,
1023 367 1106 430 qui
1150 365 1286 415 stilus
1318 383 1535 432 gnomon
1579 364 1885 434 appellatur,

278 437 414 485 cuius
452 434 657 485 umbrae
692 435 943 500 prolixitas
980 437 1288 500 aequinoctio
1324 437 1516 503 centri>
1542 439 1617 488 sui
1651 441 1875 489 aestima-

276 507 407 554 tione
444 506 665 555 dimensa
709 507 862 556 uicies
899 513 1072 570 quater
1117 506 1403 572 complicata
1451 508 1622 557 circuli
1667 509 1874 573 duplicis
1897 520 1917 554 5

276 576 476 626 modum
514 576 739 626 reddidit.
812 571 1162 626 Eratosthenes
1202 592 1321 626 uero
1348 594 1375 627 a
1403 578 1562 644 Syene
1588 579 1648 628 ad
1674 579 1875 630 Meroen

275 662 365 710 per
404 661 662 696 mensores
697 647 861 710 regios
886 646 1155 697 Ptolemaei
1191 655 1353 697 certus
1379 648 1439 698 de
1474 648 1746 698 stadiorum
1784 665 1874 700 nu—

275 732 413 766 mero
450 717 670 766 redditus
706 722 950 781 quotaque
997 717 1158 782 portio
1200 716 1389 768 telluris
1436 725 1591 777 esset,
1611 720 1875 769 aduertens

274 785 700 851 multiplicansque
719 802 811 850 pro
830 788 1044 852 partium
1070 788 1275 845 ratione,
1304 788 1543 838 circulum
1568 804 1874 839 mensuram-

277 872 371 920 que
398 862 558 906 terrae
582 858 927 906 incunctanter
954 863 1074 920 quot
1092 856 1289 906 milibus
1309 858 1579 908 stadiorum
1600 859 1873 909 ambiretur
1896 871 1938 903 10

276 925 502 975 absoluit.

418 995 679 1060 Comperta
705 1002 776 1045 est
800 1002 964 1045 terrae
989 995 1232 1046 breuitate
1257 997 1535 1046 rationabili
1561 998 1873 1062 magnitudo:

275 1065 413 1116 locus
441 1066 660 1115 eiusdem
696 1081 753 1115 ac
778 1067 954 1130 positio
981 1065 1229 1114 doceatur.
1307 1081 1452 1130 quam
1476 1068 1528 1115 in
1566 1068 1726 1116 medio
1751 1069 1873 1127 imo·

276 1151 370 1200 que
429 1136 600 1184 mundi
647 1135 946 1185 immobilem
998 1142 1127 1184 stare
1176 1135 1526 1200 multiplicibus
1573 1142 1876 1190 monstratur

275 1207 474 1256 assertis
503 1202 673 1272 [quae]
704 1207 808 1256 siue
844 1213 957 1255 ante
993 1207 1388 1255 constitutionem
1422 1206 1594 1255 mundi
1626 1207 1676 1256 in
1702 1207 1873 1257 eodem
1898 1219 1939 1252 15

272 1275 382 1325 loco
408 1276 580 1333 fuerit,
621 1291 680 1325 ex
707 1291 803 1339 quo
829 1277 1022 1326 moueri
1058 1291 1155 1325 non
1193 1277 1349 1340 potuit
1385 1291 1441 1325 ac
1469 1277 1644 1326 dehinc
1671 1276 1874 1326 diuulsis

275 1362 302 1395 a
330 1346 616 1395 confusione
641 1347 831 1410 primae
858 1346 1218 1394 commixtionis
1249 1346 1503 1396 elementis
1529 1346 1770 1396 undarum
1798 1348 1872 1396 in-

274 1430 445 1465 mensa
473 1422 520 1464 et
546 1414 772 1464 uolubilis
807 1414 1012 1464 latitudo
1041 1417 1267 1479 aerisque
1305 1415 1484 1465 halitus
1509 1417 1873 1480 undiquesecus

275 1486 404 1534 circa
441 1492 604 1534 terrae
640 1487 900 1534 stationem
926 1485 1127 1534 diffusus
1164 1486 1333 1534 artarit
1357 1486 1674 1550 mediumque
1699 1487 1874 1535 fecerit

274 1555 404 1619 quod
424 1560 555 1604 teres
582 1571 638 1605 ac
664 1554 893 1604 uolubilis
914 1554 1267 1611 circumclusit;
1296 1557 1398 1604 siue
1424 1556 1555 1620 quod
1585 1557 1636 1604 in
1665 1555 1871 1619 sphaera
1895 1569 1936 1601 20

276 1625 482 1674 efficitur
509 1626 661 1674 imum
698 1640 844 1673 omne
871 1625 1002 1687 quod
1038 1625 1254 1674 medium
1291 1630 1388 1681 est,
1430 1625 1546 1675 dum
1581 1625 1785 1689 paribus
1810 1625 1870 1675 ab

275 1695 483 1744 extimae
525 1695 835 1744 rotunditatis
872 1694 1057 1744 ambitu
1100 1693 1240 1760 lineis
1277 1695 1506 1759 quicquid
1543 1711 1623 1745 eas
1668 1697 1874 1744 sustinet

275 1767 593 1829 constipatur.
670 1767 822 1814 imum
849 1781 969 1814 uero
997 1766 1094 1814 iam
1131 1780 1334 1814 necesse
1360 1773 1433 1814 est
1458 1766 1530 1814 sui
1566 1765 1873 1814 extremitate

275 1836 566 1891 consistere,
616 1837 726 1899 quia
774 1835 981 1884 inferius
1029 1850 1126 1899 quo
1162 1835 1352 1884 decidat
1399 1850 1498 1884 non
1544 1842 1632 1885 est.
1707 1835 1870 1884 omnia

274 1907 417 1954 etiam
452 1905 674 1969 pondera
709 1907 759 1955 in
795 1920 903 1955 eam
929 1906 1140 1968 desuper
1167 1906 1347 1954 cadunt
1371 1911 1427 1954 ut
1450 1905 1626 1963 imber,
1664 1905 1867 1969 grando,
1891 1917 1934 1950 25

274 1976 372 2030 nix,
412 1975 607 2038 fulgura
643 1982 787 2039 atque
812 1979 935 2039 ipse,
975 1975 1058 2039 qui
1083 1975 1132 2023 in
1171 1978 1272 2024 eius
1305 1976 1468 2038 penita
1504 1975 1868 2039 praecipitatur,

274 2044 499 2093 Oceanus
526 2050 573 2093 et
597 2044 779 2094 fluenta
816 2045 1028 2102 latentia,
1058 2060 1180 2108 quae
1206 2045 1357 2094 fundo
1383 2045 1652 2094 uoluuntur
1677 2046 1728 2094 in
1754 2045 1868 2092 im0.

271 2113 413 2162 uides
439 2114 587 2176 igitur
609 2129 730 2170 eam,
754 2130 879 2178 quae
904 2113 1059 2163 undas
1087 2120 1359 2178 cunctaque
1385 2120 1636 2171 sustentat,
1665 2120 1870 2163 artatam

273 2199 334 2232 ex
361 2183 587 2232 omnibus
614 2184 735 2232 nihil
762 2183 987 2233 subicere
1014 2198 1110 2247 quo
1136 2184 1348 2232 secedat.
1407 2185 1566 2233 media
1592 2185 1737 2247 igitur
1764 2197 1869 2231 cre-

272 2253 430 2302 denda
458 2258 545 2311 est,
573 2256 683 2318 quia
716 2260 979 2318 postrema.
1030 2253 1160 2316 quod
1187 2254 1477 2316 praesertim
1503 2250 1870 2317 aequinoctialis
1892 2266 1932 2298 30

384 2451 409 2490 2
441 2462 623 2490 orarum
642 2449 725 2488 BD
772 2445 795 2502 [1
841 2449 866 2489 5
898 2447 1098 2500 duplicis,
1119 2448 1157 2487 R
1194 2444 1214 2501 ll
1253 2449 1278 2488 6
1308 2447 1478 2504 redidit
1504 2449 1543 2488 R
1580 2445 1600 2501 ΙΙ
1647 2450 1869 2489 eratoste·

270 2518 352 2546 nes
373 2505 454 2546 BR
501 2502 521 2560 Ι]
571 2505 628 2546 ab
659 2503 761 2545 B¹R
808 2501 827 2558 ΙΙ
876 2516 1017 2545 suene
1046 2504 1087 2544 B
1120 2515 1259 2555 syene
1289 2503 1313 2543 b
1352 2506 1479 2545 siene
1510 2505 1548 2544 R
1595 2501 1614 2557 ΙΙ
1664 2506 1688 2544 7
1723 2501 1868 2555 ptolo-

270 2563 363 2602 mei
398 2561 440 2601 B
478 2561 726 2614 phtolomei
753 2561 792 2601 R
846 2557 865 2612 ll
921 2562 946 2601 9
984 2571 1245 2600 mensuram
1278 2560 1590 2612 Bernhardyus
1616 2558 1867 2599 Eratosthe-

270 2620 366 2658 m‘ca
385 2632 429 2670 p.
447 2620 500 2658 59
538 2614 559 2671 l]
599 2619 651 2658 10
682 2615 799 2668 quod
819 2614 919 2656 B¹R
957 2613 976 2668 ΙΙ
1016 2617 1068 2657 15
1100 2628 1215 2667 quae
1246 2617 1384 2656 delent·
1419 2613 1438 2670 Η
1477 2616 1575 2656 siue
1594 2615 1750 2666 scripsi
1777 2614 1867 2655 sibi

269 2673 313 2712 B
336 2673 492 2726 (deleta
512 2679 557 2714 ut
575 2675 745 2714 uidetur
765 2671 803 2724 s)
827 2677 869 2712 et
888 2673 927 2712 R
962 2668 982 2725 Η
1022 2672 1346 2712 constitutione
1366 2673 1405 2713 R
1441 2669 1461 2725 Η
1501 2673 1552 2712 18
1575 2670 1712 2711 alitus
1728 2669 1809 2710 BR
1828 2666 1848 2722 Η

271 2730 324 2769 19
355 2730 531 2771 difusus
552 2729 593 2769 B
642 2726 662 2783 Η
709 2727 933 2769 artaritB
963 2728 998 2778 (i
1026 2730 1070 2768 in
1098 2727 1206 2781 ras.)
1239 2730 1415 2768 artaret
1442 2728 1480 2768 R
1526 2723 1545 2780 Η
1593 2726 1770 2766 fecerat
1799 2725 1868 2765 Br

270 2784 439 2826 feeerit
458 2786 522 2826 bR
560 2782 579 2839 [Ι
618 2787 673 2826 20
704 2785 870 2838 quodp
903 2796 991 2835 quo
1011 2784 1094 2825 BR
1130 2781 1151 2837 [l
1188 2785 1243 2825 24
1274 2783 1391 2824 exB
1423 2779 1443 2836 Η
1476 2783 1530 2822 26
1562 2781 1745 2835 fulgora
1765 2782 1803 2822 R
1829 2778 1850 2835 {l

270 2841 323 2880 27
356 2854 552 2882 oceanos
582 2840 684 2882 B¹R
730 2838 752 2893 Il
799 2841 852 2880 29
884 2839 1125 2881 subiacere
1162 2854 1187 2879 r
1233 2837 1253 2893 Η
1290 2838 1438 2880 medio
1466 2838 1529 2879 bR
1577 2834 1596 2891 ΙΙ
