1982 3230
0 0 161 166 Γ...
187 0 213 4 Q

769 149 955 190 LIBER
985 150 1026 190 v
1593 145 1691 198 161

87 294 259 344 Cicero
287 294 354 342 esi
380 290 461 342 ille
488 289 661 341 consul
689 290 981 340 fustuarium
1018 290 1277 345 meruerit,
1309 288 1528 353 legiones
1556 289 1688 354 quid,
1714 300 1847 342 1956

89 379 215 428 quae
242 361 492 413 consulem
526 360 891 424 reliquerunt?'
944 375 971 408 a
997 370 1342 411 CONIVNCTIS
1381 366 1546 410 autem
1573 359 1695 410 tides
1725 371 1808 413 489

89 435 297 499 petitur,
325 444 436 483 cum
463 445 589 495 quae
615 430 807 493 singula
834 431 1026 479 infirma
1054 436 1192 486 sunt,
1223 445 1278 479 ea
1306 431 1566 480 coniuncta
1593 432 1694 479 uim

88 505 310 554 ueritatis
336 507 592 552 assumunt
617 507 671 550 ut
699 501 842 566 equid
870 502 910 549 si
937 500 1128 549 accedit
1153 506 1207 549 ut
1231 501 1394 550 tenuis
1420 506 1563 550 antea
1591 501 1696 550 fne-

44 586 66 620 5
89 574 187 623 ris?
226 571 341 639 quid
367 573 407 621 si
433 579 485 621 ut
521 572 730 621 auarus?
767 571 885 636 quid
912 570 952 618 si
979 577 1032 619 ut
1067 570 1256 619 audax?
1291 569 1476 634 quidsi
1503 577 1557 619 ut
1593 573 1697 621 eius

89 645 172 708 qui
194 645 385 693 occisus
406 649 477 692 est
497 642 772 691 inimicus?'
800 639 992 703 singula
1017 640 1140 690 haec
1167 641 1277 705 quia
1306 655 1404 689 non
1432 641 1695 696 sufficiunt,

86 714 270 763 idcirco
330 718 629 775 congregata
697 718 967 776 ponuntur.
1055 722 1131 759 AB
1170 721 1695 762 ANTECEDENTIBVS
1729 724 1814 764 490

87 790 143 835 ut
167 782 337 833 Cicero
366 786 496 832 ecum
525 782 605 831 ille
634 797 732 831 non
759 776 1060 831 dubitauerit
1085 783 1280 845 aperire
1306 781 1422 845 quid
1451 782 1695 846 cogitarit,

87 868 178 904 uos
204 854 405 919 potestis
432 852 658 902 dubitare
685 852 803 917 quid
831 851 1062 902 fecerit?'
1101 853 1369 915 praecessit
1396 853 1524 900 enim
1554 867 1694 917 prae·

26 939 67 972 10
89 924 263 981 dictio,
303 923 387 973 ubi
414 929 487 973 est
523 929 887 987 argumentum.
940 928 1164 972 secutum
1202 929 1275 972 est
1314 922 1524 978 factum,
1566 922 1698 973 unde

90 1000 164 1045 est
200 995 438 1058 quaesti0.
516 1010 543 1042 a
579 1004 1095 1054 CONSEQVENTIBVS
1139 1008 1261 1042 uero
1303 995 1609 1050 conuersuri,
1648 999 1701 1042 ut
1731 1005 1812 1045 491

90 1065 310 1131 quaestio
337 1065 384 1112 in
424 1063 833 1114 antecedentibus
860 1064 946 1119 sit,
985 1068 1329 1127 argumentum
1367 1065 1415 1112 in
1452 1065 1701 1130 sequenti-

90 1135 207 1191 bus,
236 1142 291 1184 ut
317 1136 358 1184 si
383 1134 479 1183 hoc
506 1140 731 1184 secutum
758 1140 856 1190 est,
886 1132 1005 1182 illud
1031 1136 1360 1197 praecesserit
1386 1140 1439 1183 ut
1465 1136 1524 1183 ‘si
1551 1149 1702 1199 pepe-

92 1207 156 1254 rit
182 1220 295 1254 cum
323 1207 433 1253 uiro
461 1204 772 1253 concubuit'.
826 1203 1106 1267 exemplum
1134 1204 1194 1253 de
1224 1203 1442 1253 Verrinis
1468 1206 1529 1253 ‘si
1555 1205 1702 1254 finem

29 1289 70 1322 15
95 1276 251 1326 edicto
279 1276 524 1339 praetoris
551 1274 780 1324 adferunt
804 1273 1042 1323 kalendae
1068 1273 1340 1330 Ianuariae,
1371 1289 1460 1323 cur
1486 1289 1584 1323 non
1611 1276 1702 1323 ini-

92 1348 213 1395 tium
235 1360 429 1409 quoque
450 1346 667 1394 nascitur
688 1360 714 1393 a
741 1343 964 1394 kalendis
986 1344 1222 1393 Ianuariis
1236 1345 1274 1392 ‘Z’
1313 1360 1340 1394 a
1366 1356 1704 1394 REPVGNAN-
1735 1356 1819 1396 492

93 1428 262 1466 TIBVS
299 1421 670 1479 argumentum,
708 1430 820 1463 cum
857 1414 1131 1463 ostenditur
1168 1414 1266 1464 duo
1302 1414 1397 1464 sibi
1434 1415 1704 1465 cohaerere

95 1501 192 1536 non
228 1500 397 1550 posse,
427 1485 571 1534 uerbi
605 1500 750 1534 causa
778 1490 834 1534 ut
860 1491 906 1534 et
931 1486 1175 1548 parasitus
1202 1487 1311 1550 quis
1336 1487 1399 1536 sit
1436 1492 1484 1536 et
1519 1486 1705 1536 ridicu-

94 1557 170 1606 lus
204 1571 302 1604 non
340 1557 423 1613 sit,
463 1572 586 1620 quae
624 1571 715 1620 per
749 1556 1063 1619 negationem
1099 1556 1244 1605 simul
1282 1572 1389 1606 esse
1425 1571 1523 1605 non
1559 1572 1706 1621 posse

29 1641 74 1674 πο
96 1627 443 1693 praedicantur
481 1627 574 1675 hoc
610 1625 757 1675 modo
802 1629 929 1674 enon
968 1632 1016 1674 et
1049 1628 1292 1691 parasitus
1329 1632 1402 1675 est
1433 1627 1624 1678 Gnatho
1663 1634 1710 1676 et

97 1696 336 1747 ridiculus
375 1711 471 1745 non
503 1702 617 1745 est'.
685 1697 787 1745 eius
815 1695 908 1745 loci
948 1695 1227 1760 exemplum
1269 1703 1342 1746 est
1375 1699 1424 1745 in
1462 1713 1517 1746 re
1554 1699 1708 1759 magis

95 1770 198 1831 ipsa
226 1783 372 1833 quam
401 1768 559 1815 forma
605 1766 875 1815 uerborum
924 1767 983 1814 ‘is
1009 1767 1157 1830 igitur
1184 1781 1282 1816 non
1319 1768 1467 1817 modo
1495 1784 1519 1816 a
1550 1774 1596 1816 te
1624 1783 1707 1831 pe·

97 1837 254 1887 riculo
290 1836 564 1902 <liberatus
610 1836 695 1885 sed
733 1837 879 1885 etiam
926 1836 1115 1885 honore
1160 1837 1460 1901 amplissimo
1507 1844 1710 1888 ornatus

99 1908 320 1971 arguitur
348 1907 478 1955 domi
504 1922 619 1956 suae
648 1913 693 1955 te
719 1907 999 1956 interficere
1026 1906 1286 1957 uoluisse'.
1365 1914 1413 1957 et
1446 1909 1496 1956 in
1525 1908 1709 1958 Corne·
1730 1918 1863 1959 1606

35 1991 78 2025 25
100 1978 230 2027 liana
268 1979 425 2042 prima
462 1991 742 2040 repugnare
779 1976 895 2026 dicit
928 1986 982 2026 ut
1018 1977 1309 2035 ‘diuisores,
1349 1993 1471 2042 quos
1507 1971 1713 2028 horioris

101 2050 178 2097 sui
202 2049 451 2097 ministros
489 2063 596 2097 esse
623 2046 860 2104 uoluerat,
888 2046 997 2111 lege
1032 2047 1242 2098 ambitus
1269 2048 1420 2098 uellet
1456 2049 1710 2112 affligere'.

101 2130 411 2169 CAVSARVM
438 2117 576 2167 locus
596 2116 692 2167 late
712 2123 845 2180 patet
864 2123 911 2166 et
932 2117 1081 2167 multa
1103 2118 1431 2182 disputatione
1459 2126 1711 2171 tractatur.
1744 2128 1829 2170 493

102 2189 188 2238 sed
229 2203 359 2238 nunc
400 2187 607 2238 formam
649 2189 752 2237 eius
786 2189 901 2238 satis
937 2188 1083 2237 fuerit
1121 2189 1464 2239 demonstrare
1501 2190 1591 2240 sub
1618 2190 1715 2239 hoc

219 2358 240 2396 1
273 2356 392 2397 Phil.
414 2357 482 2397 111
504 2358 528 2406 ξ
554 2359 604 2397 14
640 2354 660 2410 ll
701 2359 728 2397 4
757 2371 800 2410 p.
824 2357 960 2399 Rosa.
982 2357 1079 2397 Am.
1102 2359 1126 2406 ἓ
1147 2358 1202 2397 86
1241 2354 1259 2411 Η
1299 2358 1325 2397 8
1355 2371 1397 2410 p.
1420 2358 1516 2398 Mil.
1542 2360 1566 2408 ἓ
1587 2360 1642 2398 44
1679 2355 1702 2412 fl

107 2415 160 2453 14
190 2413 318 2452 Verr.
342 2412 408 2461 1§
435 2415 512 2453 109
562 2410 580 2466 Η
630 2415 683 2453 22
716 2427 758 2466 p.
782 2414 935 2454 Deiot.
959 2414 983 2463 ἓ
1009 2415 1059 2454 15
1109 2411 1127 2467 ΙΙ
1176 2415 1231 2454 25
1262 2414 1426 2468 fragm.
1449 2416 1504 2455 34
1527 2414 1604 2454 Or.
1644 2410 1664 2467 Η

220 2570 245 2608 3
278 2566 508 2607 infirmata.
532 2565 589 2606 B¹
632 2562 652 2620 ll
689 2568 716 2607 4
745 2571 797 2607 ut
820 2567 926 2619 quid
947 2568 987 2607 si
1010 2568 1051 2607 B
1071 2571 1122 2608 ut
1143 2568 1251 2620 quid
1274 2568 1333 2607 sit
1354 2570 1391 2609 R
1431 2565 1451 2621 Η
1490 2570 1515 2609 5
1545 2569 1607 2608 sit
1626 2569 1663 2609 R
1683 2566 1702 2613 ll

108 2626 134 2665 6
165 2624 349 2677 singula
380 2627 533 2663 autem
562 2622 612 2662 br
651 2620 670 2675 Η
720 2623 827 2675 quia
853 2623 904 2664 rb
937 2635 1054 2675 quae
1076 2623 1158 2664 BR
1204 2621 1223 2678 ΙΙ
1269 2625 1294 2664 8
1326 2625 1447 2664 sicut
1478 2626 1576 2665 add.
1607 2639 1635 2677 p
1683 2621 1707 2679 Π

112 2680 327 2734 cogitarit
356 2679 423 2719 rB
455 2679 686 2730 cogitaret
714 2679 751 2719 R
799 2676 818 2733 ΙΙ
868 2681 920 2720 18
953 2679 1062 2731 quid
1093 2680 1130 2720 R
1178 2677 1197 2733 [l
1246 2682 1301 2720 20
1331 2680 1664 2733 praedicantur
1692 2696 1722 2734 p

110 2735 440 2788 praedicuntur
460 2736 542 2775 BR
591 2732 609 2788 Η
658 2738 797 2786 gnato
820 2736 857 2776 R
894 2732 914 2789 [l
964 2737 1014 2775 21
1049 2735 1182 2775 huius
1210 2736 1234 2776 b
1283 2733 1302 2790 Η
1350 2737 1404 2776 22
1431 2743 1532 2789 post
1559 2737 1722 2778 uerbo—

113 2803 213 2831 rum
242 2793 344 2832 add.
377 2795 428 2831 ut
458 2790 622 2832 Cicero
654 2791 770 2831 dicit
791 2792 833 2831 E
866 2791 890 2845 Π
929 2793 983 2831 23
1013 2791 1238 2831 liberatus
1268 2805 1346 2835 om.
1369 2791 1428 2831 B¹
1468 2789 1487 2846 Η
1527 2795 1582 2834 24
1613 2793 1724 2834 Cor-

113 2847 302 2888 neliana
332 2849 525 2888 Halmius
557 2847 762 2887 cornelia
792 2847 876 2887 BD
924 2843 943 2900 Η
992 2848 1046 2887 25
1079 2847 1191 2887 cidit
1219 2848 1258 2887 D
1307 2845 1325 2902 ΙΙ
1375 2848 1547 2890 honore
1571 2850 1637 2891 Db
1685 2847 1704 2904 ΙΙ

116 2903 171 2943 26
203 2903 399 2943 uoluerit
427 2904 450 2944 b
489 2902 508 2957 [l
557 2904 611 2943 28
641 2902 892 2944 ACAVSIS
924 2908 1024 2944 ante
1057 2916 1298 2944 causarum
1321 2906 1422 2945 add.
1447 2906 1487 2945 D
1525 2903 1546 2960 [1

206 2999 474 3027 MARTIANUS
498 2999 706 3028 CAPELLA
1320 2974 1382 3024 1]-
