1982 3230
586 25 594 41 Ι,
622 33 630 42 ι
730 0 1144 45 μἐΐ-ὲνῖζνμπςῚῙὝῙΙΜ-ᾏῚΔΙἋ’ῘΠΙΙ
1157 2 1182 15 ἡ,
1214 0 1230 12 ν’
1270 0 1352 22 vtj'l'ss
1368 0 1392 29 v:
1430 3 1438 9 κ
1456 0 1529 27 ‘'om‘'
1544 0 1695 42 filujmffrtl·
1710 18 1714 27 ι
1771 27 1781 35 u
1823 21 1829 28 '

635 45 640 53 ’
774 46 776 51 “
876 42 878 46 ’
954 53 966 64 ι’

0 137 110 226 174,
707 131 913 184 'LIBER
943 142 990 184 11
1584 140 1656 193 29

21 238 28 244 ·
96 227 124 258 Ὠ

27 271 350 351 ‘longitudine
375 283 803 350 profunditateque
841 292 1121 335 censentur.
1181 284 1360 335 dehinc
1395 284 1526 349 quod
1565 298 1656 333 nu-

35 356 174 406 meri
214 354 472 421 triplicatio
514 355 672 419 prima
720 371 780 404 ex
824 355 1078 419 inparibus
1124 353 1290 420 κύβον
1330 356 1500 419 gignit.
1552 361 1655 404 tres

48 433 211 477 autem
247 425 559 491 symphonias
585 427 694 491 quis
719 427 917 490 ignorat
941 427 991 476 in
1019 427 1247 476 musicis?
1308 426 1654 492 Numerusque

46 497 189 562 inpar
213 495 433 548 maribus
459 495 750 545 adtributus
805 511 952 546 omne
978 512 1099 546 uero
1125 505 1320 561 tempus
1349 496 1508 547 tribus
1535 498 1654 546 uici-

4 578 25 612 5
46 565 142 617 bns
166 567 400 617 uariatur.
460 574 606 631 atque
645 567 774 616 idem
802 582 1038 617 numerus
1064 569 1381 617 seminarium
1411 568 1654 631 perfecto-

45 648 157 689 rum
182 638 306 687 sexti
331 637 562 687 uidelicet
587 643 732 702 atque
758 639 874 687 noni
914 638 1101 687 alterna
1139 639 1424 688 diuersitate
1461 639 1654 687 iunctu-

44 721 147 758 rae.
182 708 279 758 rite
305 708 451 772 igitur
477 708 570 758 deo
597 707 894 758 adtribuitur
920 710 1136 758 rationis
1188 708 1461 773 Philologia
1487 716 1652 758 autem

44 778 176 845 quod
221 779 367 828 etiam
409 780 515 843 ipsa
560 779 838 829 doctissima
878 787 972 836 est,
1012 778 1127 830 licet
1174 780 1397 829 femineis
1435 781 1655 829 numeris

44 849 344 906 aestimetur,
385 849 610 900 absoluta
636 858 798 900 tamen
827 852 1018 900 ratione
1055 851 1322 914 perficitur.
1392 866 1507 899 nam
1534 866 1654 916 qua-

5 920 287 981 oternarius
313 921 413 970 suis
436 920 661 984 partibus
688 920 904 985 complet
938 921 1135 974 decadis
1169 922 1321 986 ipsius
1358 929 1655 986 potestatem

41 989 250 1056 ideoque
275 993 524 1056 perfectus
549 998 623 1041 est
649 999 696 1041 et
721 991 967 1058 habetur>
994 992 1262 1058 quadratus
1287 999 1342 1042 ut
1366 994 1471 1057 ipse
1499 991 1655 1058 Cylle-

43 1061 170 1119 niuS,
199 1063 276 1111 cui
303 1063 417 1117 anni
455 1069 682 1126 tempora
719 1062 839 1112 caeli
875 1062 1066 1113 climata
1106 1063 1375 1128 mundique
1413 1063 1654 1113 elementa

45 1133 360 1181 conueniunt.
412 1147 474 1182 an
501 1131 632 1182 aliud
658 1131 736 1181 illa
762 1134 894 1182 senis
920 1134 1171 1190 deieratio,
1201 1135 1284 1198 qui
1309 1133 1380 1197 μὰ
1424 1134 1523 1198 τὴν
1569 1150 1652 1186 τε·

43 1199 212 1264 τράδα
235 1217 335 1251 non
362 1203 526 1262 tacuit,
555 1204 814 1253 confitetur
842 1204 931 1252 nisi
964 1206 1214 1268 perfectae
1250 1207 1453 1255 rationis
1479 1220 1654 1255 nume-

7 1283 21 1315 5
45 1273 188 1322 rum?
219 1273 399 1337 quippe
425 1274 553 1323 intra
580 1289 632 1323 se
659 1289 808 1323 unum
836 1275 1109 1335 secundum
1134 1275 1439 1341 triademque
1467 1276 1653 1340 ipsum-

39 1356 140 1407 que
153 1341 229 1393 bis
241 1342 410 1393 binum
429 1350 575 1402 tenet,
590 1345 698 1408 quis
719 1343 1058 1395 collationibus
1074 1346 1394 1411 symphoniae
1406 1361 1653 1411 peragun-

40 1417 138 1462 tur.
189 1428 304 1463 nam
330 1420 431 1464 tres
456 1414 517 1464 ad
552 1421 782 1478 quattuor
809 1416 1032 1479 epitritus
1068 1418 1310 1467 uocitatur
1347 1418 1653 1468 arithmetica

38 1482 230 1533 ratione
257 1499 313 1533 ac
339 1484 642 1534 diatessaron
677 1485 969 1550 perhibetur
1005 1488 1052 1536 in
1090 1489 1308 1538 musicis·
1367 1490 1484 1538 item
1521 1490 1652 1538 intra

41 1567 156 1604 eum
190 1555 352 1604 iacent
384 1561 486 1606 tres
513 1555 570 1606 ad
609 1556 730 1614 du0,
769 1572 894 1621 quae
934 1557 1193 1608 hemiolios
1219 1559 1376 1609 forma
1414 1565 1486 1609 est
1523 1574 1652 1625 sym-

12 1622 370 1690 ·phoniamque
406 1626 690 1684 secundam,
729 1643 855 1693 quae
892 1627 1120 1693 diapente
1164 1629 1372 1687 dicitur,
1419 1630 1650 1681 reddunt.

41 1695 180 1745 tertia
217 1696 506 1761 symphonia
532 1697 766 1762 diapason
792 1700 839 1747 in
869 1698 1056 1749 melicis
1095 1700 1386 1764 perhibetur
1421 1700 1652 1765 diplasio-

38 1779 135 1830 que
162 1767 540 1817 conficiturthoc
567 1775 640 1818 est
665 1783 764 1817 uno
792 1770 986 1819 duobus
1012 1770 1204 1819 collato.
1265 1772 1415 1834 igitur
1451 1778 1648 1836 quater-

38 1836 207 1886 narius
231 1852 468 1888 numerus
495 1839 666 1888 omnes
691 1839 1007 1903 symphonias
1027 1843 1128 1890 suis
1148 1841 1376 1906 partibus
1395 1842 1649 1906 perfectus

39 1905 251 1967 absoluit
273 1909 534 1973 omniaque
558 1908 685 1958 mela
711 1909 1113 1960 harmonicorum
1150 1911 1491 1963 distributione
1530 1929 1650 1963 con·

5 1991 7 1993 ’
41 1977 206 2040 quirit.
253 1977 381 2028 hanc
402 1980 549 2043 igitur
576 1979 840 2030 discutiens
867 1982 1063 2031 numeri
1089 1985 1463 2046 congruentiam
1490 1986 1646 2048 perita

41 2047 180 2112 uirgo
225 2048 510 2112 gratulatur.
584 2050 794 2114 denique
836 2059 1102 2117 utrumque
1148 2055 1397 2104 consociat
1444 2061 1492 2104 et
1528 2057 1649 2106 trias

39 2121 352 2181 quaternario
378 2121 557 2170 sociata
587 2120 847 2185 heptadem
877 2122 1006 2172 facit.
1068 2124 1149 2189 qui
1183 2139 1419 2175 numerus
1445 2127 1649 2176 rationis

38 2202 246 2252 superae
267 2190 507 2254 perfectio
534 2199 606 2242 est
624 2192 750 2242 sicut
777 2199 825 2242 et
847 2190 1066 2257 ὁμαλῶν
1094 2193 1173 2244 illa
1210 2194 1354 2246 docet
1378 2195 1649 2261 plenitude.

38 2273 101 2307 an
136 2258 269 2309 aliud
304 2260 461 2312 fatalis
487 2265 866 2327 temperamenti
903 2279 1079 2314 cursus
1116 2265 1436 2331 siderumque
1473 2267 1647 2319 circuli

6 2335 296 2395 1motusque
315 2338 557 2382 testantur
578 2334 807 2398 intraque
823 2333 1038 2384 latebras
1061 2337 1190 2386 uteri
1227 2339 1439 2402 septimo
1476 2354 1647 2389 mense

36 2394 255 2467 absoluta
289 2402 585 2452 mortalitas?
632 2404 809 2454 dehinc
845 2405 978 2469 quod
1014 2406 1131 2455 trias
1177 2407 1419 2472 triplicata
1464 2424 1647 2459 nouem

34 2482 270 2521 numeros
296 2472 409 2522 facit
435 2475 779 2538 quaternarius
806 2483 967 2525 autem
997 2491 1085 2540 per
1112 2476 1390 2530 διπλάειον
1425 2481 1647 2544 gemina-

148 2641 174 2680 2
212 2642 361 2693 cybon
391 2641 474 2681 BD
523 2639 542 2695 Η
605 2644 632 2683 4
671 2643 929 2685 adtributus
961 2649 1030 2685 est
1062 2646 1102 2685 D
1159 2644 1177 2700 Η
1238 2649 1289 2688 12
1329 2647 1576 2700 clymmata
1608 2650 1648 2692 R

26 2676 272 2738 veliminata.
292 2698 335 2737 B
382 2695 401 2752 Η
453 2700 502 2739 13
541 2698 764 2740 deieratio
785 2700 866 2741 BR
898 2700 971 2741 dei
995 2703 1115 2742 ratio
1138 2703 1160 2742 b
1209 2700 1228 2756 Η
1278 2717 1351 2743 ma.
1379 2718 1469 2745 nen
1500 2710 1643 2746 tetra.-

34 2753 202 2794 nmdan
219 2754 257 2794 R
287 2759 364 2794 ten
385 2755 601 2795 tetradan
621 2755 662 2794 B
698 2752 719 2810 Η
760 2758 811 2798 15
842 2756 1113 2809 triadenque
1131 2758 1213 2799 BR
1252 2757 1270 2813 Η
1312 2762 1363 2801 19
1399 2761 1586 2803 emiolos
1607 2764 1647 2805 R

37 2808 244 2850 emiolios
274 2810 316 2850 B
364 2807 384 2866 Η
439 2812 834 2865 simphoniamque
869 2814 903 2853 Ιί
942 2815 1056 2866 quod
1084 2818 1261 2867 amplius·
1292 2830 1374 2857 non
1406 2818 1559 2860 notabo
1607 2815 1627 2874 Η

38 2860 92 2905 26
129 2865 291 2906 deinde
323 2867 359 2906 R
397 2865 415 2921 Η
455 2869 508 2908 27
543 2868 741 2921 eptaden
769 2869 849 2910 BH
888 2866 907 2922 Η
947 2870 1000 2909 28
1041 2870 1162 2910 sicut
1196 2877 1240 2912 et
1275 2871 1581 2918 ΙΛΟΜΛΛωΝ
1606 2877 1645 2918 R

39 2946 157 2988 sieut
183 2917 564 2995 eme'mafioeu
590 2952 631 2991 B
678 2949 697 3006 Η
747 2953 825 2994 me
850 2955 884 2994 κ
932 2949 951 3006 ῃ
1001 2955 1056 2995 32
1087 2953 1442 3001 ΔιΛΠΛΑειοΝ
1478 2961 1515 3001 R
1562 2958 1581 3015 [ι

1687 576 1799 617 26G

1687 719 1769 759 106

1686 1143 1767 1184 107

1681 2057 1765 2099 108
