1982 3230
194 629 276 670 735

308 124 417 178 260
791 124 1093 165 MARTIANI
1114 122 1436 165 CAPELLAE

310 271 562 317 crementa
590 264 918 329 complentur.
994 264 1112 328 quid
1138 265 1270 329 quod
1296 271 1525 329 quattuor
1551 266 1666 315 anni
1689 269 1914 329 tempora

308 337 597 399 frontesque
625 334 747 384 caeli
788 333 1243 399 elementorumque
1277 337 1515 401 principia
1552 350 1660 385 esse
1695 349 1796 385 non
1821 335 1913 386 du-

307 407 445 455 bium
473 406 577 455 est?
612 405 867 455 hominum
883 407 1043 454 ‘etiam
1070 412 1302 470 quattuor
1327 412 1508 456 aetates
1534 411 1767 470 quattuor
1790 407 1910 456 uitia

308 483 638 541 quattuorque
674 477 901 525 uirtutes,
978 476 1059 525 hic
1093 491 1330 526 numerus
1365 477 1632 542 quadratus
1677 476 1768 540 ipsi
1803 475 1912 542 Cyl-

305 547 436 597 lenio
464 546 743 611 deputatur,
773 547 905 611 quod
927 547 1195 612 quadratus
1221 547 1342 597 deus
1368 547 1502 597 solus
1528 546 1823 613 habeatur.)
1935 559 1957 593 5

450 617 685 682 Sequitur
708 629 950 667 PENTAS.
1008 618 1090 681 qui
1123 633 1361 668 numerus
1386 618 1568 668 mundo
1596 623 1669 667 est
1693 617 1912 667 adtribu-

305 694 400 737 tuS.
471 703 584 738 nam
622 690 662 737 si
701 703 760 737 ex
796 693 1029 752 quattuor
1069 687 1323 738 elementis
1357 690 1463 754 ipse
1496 688 1587 738 sub
1624 687 1716 738 alia
1754 688 1912 737 forma

155 770 292 812 2406
313 760 527 824 quintus,
555 759 766 823 pentade
795 764 865 807 est
893 758 1247 808 rationabiliter
1271 761 1551 822 insignitus.
1603 761 1687 823 qui
1714 758 1910 823 quidem

193 1687 276 1727 736

306 829 634 893 permixtione
670 829 880 879 naturali
918 829 1195 894 copulatur.
1269 845 1385 879 nam
1412 835 1601 880 constat
1637 846 1695 879 ex
1731 830 1911 879 utrius·

307 915 404 965 que
430 915 576 949 sexus
603 914 826 949 numero,
865 902 984 949 trias
1012 901 1194 966 quippe
1219 900 1376 949 uirilis
1403 907 1498 962 est,
1528 901 1644 965 dyas
1669 900 1913 949 semineus
1935 913 1977 945 10

307 971 609 1019 aestimatur.
650 971 1061 1034 apocatastaticus
1089 972 1232 1019 etiam
1259 971 1434 1020 dicitur
1462 978 1510 1021 et
1534 973 1641 1021 siue
1667 986 1779 1020 cum
1806 969 1912 1019 aliis

306 1041 563 1105 inparibus
590 1042 696 1090 siue
724 1056 836 1090 cum
872 1055 962 1090 suo
989 1055 1174 1104 genere
1201 1043 1411 1090 sociatus
1446 1057 1499 1091 se
1526 1056 1721 1105 semper
1747 1046 1911 1090 osten-

308 1111 391 1160 dit.
455 1126 567 1160 nam
596 1113 815 1175 quinque
842 1127 933 1175 per
959 1112 1175 1176 quinque
1212 1111 1365 1161 habes
1391 1112 1566 1175 uiginti
1593 1113 1837 1176 quinque,
1864 1115 1914 1160 et

307 1182 567 1246 quinquies
611 1184 740 1231 terni
784 1182 1087 1246 quindecim,
1138 1190 1186 1232 et
1230 1184 1488 1246 quinquies
1525 1182 1715 1246 septeni
1747 1182 1913 1230 tricies

307 1254 580 1317 quinquies,
611 1259 658 1302 et
679 1254 939 1317 quinquies
965 1254 1148 1302 noueni
1165 1253 1457 1317 quadragies
1477 1254 1753 1318 quinquies,
1794 1253 1912 1301 item
1934 1262 1976 1297 15

306 1338 459 1372 zonae
495 1330 658 1371 terrae
696 1325 929 1387 quinque.
994 1325 1043 1372 in
1080 1324 1278 1372 homine
1316 1339 1490 1373 sensus
1517 1325 1760 1388 quinque,
1799 1323 1910 1372 toti-

307 1393 518 1457 demque
544 1393 846 1442 habitatores
873 1394 1044 1442 mundi
1069 1393 1336 1457 generibus
1364 1400 1417 1443 ut
1443 1394 1668 1442 homines
1694 1392 1909 1458 quadru-

305 1463 555 1527 pedesque
600 1470 853 1528 reptantes
905 1470 1131 1513 natantes
1167 1464 1403 1514 uolantes.
1479 1465 1612 1513 hunc
1647 1477 1909 1512 numerum

307 1535 418 1597 quis
446 1540 594 1595 neget
621 1549 727 1583 esse
755 1535 1081 1583 diametrum?
1119 1550 1231 1583 nam
1261 1535 1456 1584 decadis
1481 1535 1720 1599 perfectio
1748 1535 1909 1582 circu-

305 1603 481 1668 lusque
507 1603 653 1653 huius
679 1605 1041 1669 hemisphaerio
1069 1605 1354 1654 dissecatur.
1927 1616 1970 1648 20

451 1685 748 1724 SENARIVM
783 1690 904 1725 uero
932 1676 1205 1739 perfectum
1242 1674 1646 1739 analogicumque
1673 1689 1779 1724 esse
1805 1675 1911 1739 quis

307 1744 496 1794 dubitet
524 1760 634 1794 cum
674 1747 774 1794 suis
800 1746 1021 1810 partibus
1058 1745 1350 1809 impleatur?
1389 1761 1502 1794 nam
1530 1752 1578 1794 et
1615 1751 1801 1795 sextam
1834 1745 1911 1794 sui

305 1817 434 1864 intra
462 1831 515 1865 se
542 1818 761 1865 continet
787 1817 919 1880 quod
956 1822 1029 1865 est
1055 1831 1205 1873 unuS,
1243 1823 1290 1865 et
1324 1818 1516 1865 tertiam
1544 1816 1674 1880 quod
1700 1816 1822 1871 duo,
1862 1821 1911 1864 et

305 1886 618 1936 medietatem
646 1887 776 1950 quod
813 1893 932 1937 tres.
1006 1888 1123 1935 item
1151 1886 1388 1936 naturalia
1416 1887 1574 1936 officia
1601 1887 1706 1936 sine
1733 1885 1910 1950 quibus

307 1971 414 2006 esse
440 1956 560 2006 nihil
596 1964 758 2021 potest
783 1964 894 2006 sunt
930 1973 1037 2007 sex:
1077 1957 1358 2021 magnitudo
1395 1956 1530 2007 color
1564 1957 1721 2020 figura
1756 1957 1908 2006 inter·
1931 1965 1974 1999 25

305 2026 490 2076 uallum
536 2033 688 2076 status
735 2034 913 2076 motus,
989 2029 1107 2077 item
1153 2035 1314 2077 motus
1358 2027 1561 2077 totidem
1607 2027 1909 2077 differentiae

305 2103 433 2145 sunt.
472 2112 587 2145 nam
614 2112 873 2147 monemur
900 2113 1128 2160 prorsum
1156 2104 1520 2155 retrorsumue,
1549 2098 1719 2147 dextra
1744 2097 1906 2147 laeua·

307 2182 418 2231 que,
447 2182 642 2216 sursum
670 2167 1015 2232 deorsumque.
1073 2183 1185 2216 nam
1212 2167 1293 2217 ille
1319 2174 1550 2218 aeternus
1577 2168 1773 2232 quidam
1801 2183 1908 2218 mo-

305 2242 382 2286 tus
419 2243 494 2286 est
540 2236 728 2287 circuli.
802 2238 883 2287 hic
909 2245 1074 2287 autem
1111 2253 1347 2287 numerus
1374 2238 1552 2288 Veneri
1589 2245 1661 2287 est
1685 2237 1907 2287 adtribu-

303 2313 408 2365 tuS,
447 2308 578 2371 quod
614 2323 672 2356 ex
709 2310 965 2373 utriusque
1001 2323 1147 2358 sexus
1183 2310 1527 2358 commixtione
1564 2308 1822 2358 conficitur
1855 2308 1903 2358 id
1926 2319 1971 2352 30

417 2479 443 2517 3
477 2481 608 2518 aetas
629 2476 687 2517 B¹
729 2473 748 2530 {l
788 2478 812 2518 5
845 2477 1092 2530 deputatur
1122 2491 1198 2518 om.
1222 2478 1264 2517 B
1302 2475 1321 2532 Η
1361 2480 1386 2519 6
1417 2478 1548 2519 modo
1569 2476 1670 2519 B¹R
1706 2474 1727 2532 ss
1766 2479 1790 2519 7
1824 2476 1907 2517 eli-

303 2533 471 2573 mentis
499 2533 541 2572 B
587 2530 606 2588 ΙΙ
653 2535 679 2574 9
715 2536 907 2586 utroque
935 2532 1036 2575 B¹R
1074 2530 1093 2587 ΙΙ
1142 2536 1192 2574 11
1226 2535 1572 2588 apocatasticus
1599 2547 1732 2587 supra
1757 2533 1906 2575 addito

303 2588 429 2642 sing}
458 2590 481 2630 b
530 2587 549 2643 ll
599 2591 651 2630 12
682 2602 763 2633 suo
783 2604 814 2642 p
845 2590 912 2630 sio
934 2590 1015 2630 RB
1047 2589 1109 2642 (in
1145 2586 1392 2642 quo'tamen
1422 2592 1512 2632 oin
1531 2590 1642 2641 ras.)
1673 2587 1700 2644 Η
1740 2591 1794 2630 14
1823 2590 1905 2630 tri·

305 2646 400 2686 cies
430 2648 588 2698 scripsi
635 2645 901 2699 (trigiesp)
947 2648 1061 2687 tries
1091 2646 1173 2687 BR
1240 2644 1259 2700 Η
1328 2649 1380 2688 15
1426 2648 1649 2699 quinques
1679 2645 1722 2686 B
1774 2645 1906 2698 quin-

304 2702 406 2753 quis
426 2702 451 2742 b
489 2698 510 2756 ss
548 2703 747 2755 quinque
777 2703 947 2743 noueni
967 2702 1049 2743 BR
1086 2699 1104 2756 ΙΙ
1153 2703 1408 2757 quadrages
1441 2703 1661 2756 quinques
1680 2701 1764 2742 BR
1794 2714 1905 2755 qua·

304 2757 461 2810 dragis
493 2758 707 2811 quinquis
747 2759 798 2799 br·
845 2756 864 2812 ΙΙ
915 2761 966 2800 17
1004 2758 1238 2800 habitores
1268 2759 1312 2799 B
1357 2757 1377 2814 Η
1432 2761 1487 2800 20
1525 2759 1624 2799 eius
1653 2758 1677 2798 b
1725 2755 1746 2812 ΙΙ
1796 2759 1906 2799 emi-

303 2813 447 2853 sferio
476 2814 516 2854 R
556 2815 812 2856 emis*ri*o
845 2815 887 2855 B
926 2815 1013 2868 phe
1044 2817 1144 2858 add.
1177 2816 1201 2856 b
1250 2812 1270 2870 ΙΙ
1325 2814 1587 2855 dissecatur
1615 2815 1640 2854 b
1679 2815 1905 2856 xedissiea-

304 2870 380 2907 tur
399 2868 441 2907 B
471 2869 719 2912 dissicatur
738 2872 777 2912 R
814 2868 837 2925 ss
874 2873 928 2912 22
960 2875 1138 2911 sextum
1158 2871 1260 2912 B¹R
1297 2868 1317 2925 ΙΙ
1355 2873 1409 2913 23
1441 2871 1580 2911 tertia
1603 2871 1641 2911 R
1678 2868 1698 2925 11
