1982 3230
484 95 775 139 CAESARIS
799 93 1149 138 'GERMANICI
1177 92 1421 136 ARATEA
1652 90 1759 144 405

141 248 242 290 tem
269 237 425 289 solem
451 239 645 288 uideret
680 238 812 288 unde
839 243 1082 302 surgeret.
1132 235 1281 286 Liber
1319 234 1600 300 indignatus
1625 235 1759 285 misit

141 309 361 360 Bacchas
381 315 435 359 ut
452 307 722 375 Aeschylus
743 308 927 358 scribit.
958 323 1083 372 quae
1105 322 1216 357 eum
1236 305 1550 355 membratim
1570 305 1758 356 discer-

35 439 40 446 .
140 395 301 445 psere.
351 378 628 429 recollectis
664 379 902 429 membris
935 378 1238 443 sepelierunt
1271 378 1323 426 in
1351 376 1540 427 Lesbiis
1576 378 1756 426 monti-

12 448 41 524 ξ·
140 450 234 501 bus
261 451 462 516 eiusque
488 450 643 516 lyram
665 451 864 500 Musaeo
893 448 1138 498 dederunt
1157 448 1427 512 Iouemque
1453 454 1759 512 rogauerunt

11 534 35 583 as
95 533 118 568 5
140 528 194 572 ut
230 522 335 572 eius
361 522 651 571 memoriam
687 522 830 570 astris
864 519 1087 568 inferret.
1139 518 1288 568 habet
1327 517 1490 567 stellas
1526 520 1575 567 in
1610 519 1757 568 utris-

142 607 237 657 que
262 590 542 656 pectinibus
568 590 800 656 singulaS,
829 591 880 639 in
908 590 1164 639 cacumine
1192 587 1755 652 chordarumsingulas,

12 647 35 700 l·
139 664 190 711 in
218 662 402 712 umeris
427 662 671 726 singulas,
699 663 748 710 in
776 660 929 710 fundo
955 660 991 717 I,
1022 661 1070 708 in
1102 659 1248 708 dorso
1277 659 1319 708 1:
1360 659 1484 708 liunt
1509 658 1652 725 VIII>

280 734 376 782 Aut
399 733 549 782 medii
573 730 800 797 fulgoris]
830 747 880 781 u.
912 737 1005 779 281

281 802 408 869 <Hic
445 809 519 853 est
545 802 810 866 CYGNVS,
852 802 902 850 in
941 816 1087 866 quem
1119 800 1285 850 ferunt
1310 799 1480 849 Iouem
1518 814 1571 848 se
1598 804 1757 849 trans-

76 887 119 920 ιο
140 875 379 938 figurasse
420 880 468 923 et
492 872 866 923 transuolitasse
900 873 949 920 in
986 877 1172 921 terram
1199 871 1407 920 Atticam
1444 870 1757 919 Rhamnunta

139 944 307 1009 ibique
344 945 680 1009 conpressisse
708 943 996 998 Nemesem‚
1031 949 1086 992 ut
1121 943 1187 991 ait
1214 942 1443 992 Cratinus
1478 941 1757 1005 tragoedia·

139 1030 252 1064 rum
279 1016 495 1080 scriptor
522 1029 728 1078 eamque
757 1014 965 1063 edidisse
993 1028 1158 1069 ouum,
1186 1012 1318 1062 unde
1339 1018 1449 1060 nata
1471 1013 1530 1059 sit
1551 1010 1754 1060 Helena.

140 1085 226 1134 sed
263 1085 494 1150 quoniam
523 1085 742 1149 Iuppiter
768 1099 943 1134 rursus
978 1085 1029 1132 in
1057 1082 1247 1132 caelum
1282 1084 1332 1131 in
1359 1097 1570 1147 cygnum
1597 1088 1756 1130 trans-

139 1155 378 1219 figuratus
404 1171 457 1205 se
483 1162 756 1218 receperat,
783 1161 836 1203 ut
863 1155 1024 1204 fuerat
1042 1155 1218 1218 pennis
1247 1159 1408 1202 tentus
1439 1151 1756 1202 simulacrum

17 1219 43 1295 ᾗ
76 1238 117 1271 15
142 1227 247 1276 eius
283 1224 525 1275 sideribus
550 1225 777 1289 reliquid.
830 1225 979 1274 hahet
1014 1223 1203 1273 stellam
1232 1225 1280 1272 in
1310 1224 1468 1286 capite
1505 1223 1688 1272 claram
1717 1222 1754 1278 Ι,

141 1297 189 1345 in
217 1295 306 1345 alis
330 1297 553 1359 utrisque
580 1298 781 1360 quinam,
811 1296 859 1343 in
886 1310 1097 1359 corpore
1124 1295 1169 1350 l,
1198 1294 1245 1342 in
1275 1293 1429 1343 cauda
1455 1294 1500 1350 l,
1530 1308 1656 1358 quae
1683 1300 1758 1342 est
1783 1294 1888 1336 68B

140 1365 464 1431 amplissima:
491 1366 614 1414 fiunt
640 1380 812 1414 omnes
841 1364 1006 1430 ΧΙΙΙ.>

279 1449 478 1499 Oceano
505 1448 723 1515 mersus]
750 1465 800 1499 u.
832 1455 929 1498 287

280 1518 406 1585 <Hic
442 1535 624 1570 nomen
653 1520 902 1584 accepisse
930 1519 1132 1575 dicitur,
1172 1519 1302 1583 quod
1331 1519 1435 1568 eius
1463 1524 1635 1568 exortu
1665 1519 1756 1567 im-

23 1626 26 1630 .
74 1604 118 1638 20
140 1589 256 1639 bres
280 1589 482 1654 plurimi
517 1591 650 1639 fiant.
702 1590 899 1655 quidam
928 1590 1101 1639 uolunt
1127 1589 1459 1653 Ganymedem
1497 1604 1609 1638 eum
1649 1603 1758 1638 esse

141 1675 286 1724 quem
323 1661 585 1723 figuratum
622 1663 672 1708 in
701 1660 1026 1710 ministerium
1064 1659 1305 1708 oenochoi
1333 1665 1380 1708 et
1406 1659 1539 1723 quod
1574 1659 1759 1709 imbres

139 1729 353 1779 infundit
396 1745 484 1779 suo
511 1732 672 1781 sidere
701 1748 962 1781 nun*
1003 1736 1172 1779 nectar
1209 1730 1318 1778 diei.
1407 1729 1556 1779 habet
1594 1729 1758 1779 stellas

139 1798 448 1857 AQVARIVS
475 1801 623 1850 XVIII
642 1840 653 1857 ,
693 1801 777 1850 sed
807 1801 931 1850 fusio
959 1816 1114 1864 aquae
1140 1800 1194 1848 fit
1223 1816 1282 1849 ex
1308 1791 1460 1850 stellis
1487 1799 1667 1857 XXXI,
1698 1816 1757 1850 ex

17 1172 23 1179 “
14 860 41 1137 Α“»θ;ι;ῑ·υλτι.ο;ῖ
15 806 38 843 9»
20 782 22 785 ·
19 718 37 763 ,νιν
20 606 30 646 -..Δ

254 1943 279 1982 9
312 1940 491 1982 Catast.
514 1955 557 1994 p.
581 1943 678 1993 256,
714 1942 849 1980 1-14
889 1938 909 1994 {l
950 1942 1000 1981 19
1034 1941 1212 1983 Catast.
1245 1955 1288 1994 p.
1310 1942 1407 1992 255,
1434 1942 1486 1981 15
1507 1962 1560 1968 —
1583 1941 1681 1992 257,
1707 1942 1759 1982 10

254 2069 279 2107 2
309 2067 485 2108 bahcas
517 2068 550 2107 G
587 2064 609 2122 [l
648 2067 893 2121 aeschyius
922 2067 964 2106 B
996 2067 1195 2108 aescilus
1225 2069 1267 2107 P
1296 2065 1332 2122 Π
1357 2067 1623 2119 discerpere
1655 2067 1697 2106 B
1724 2063 1742 2121 ss

139 2125 166 2164 3
187 2123 452 2165 recollectis
474 2125 686 2165 membris
705 2125 866 2165 Musae
890 2137 991 2165 eum
1013 2124 1297 2178 sepelierunt
1313 2124 1359 2164 in
1377 2124 1615 2164 Libethris
1636 2137 1762 2164 mon-

138 2179 263 2220 tibus
291 2179 448 2234 Breys.
481 2194 538 2222 ex
572 2181 869 2222 Catasterismo
917 2177 937 2234 ΙΙ
986 2180 1153 2221 lezbiis
1182 2181 1253 2233 Bp
1283 2180 1442 2221 Ietbiis
1472 2182 1515 2220 P
1559 2177 1578 2234 Ι]
1627 2193 1760 2233 roga-

139 2248 248 2276 uere
279 2235 322 2276 B
349 2233 368 2290 [1
407 2238 432 2278 5
462 2239 667 2290 utrisque
706 2239 747 2278 V
773 2242 973 2289 utraque
1006 2237 1039 2277 Ο
1072 2234 1090 2291 Η
1127 2236 1212 2288 ἐφ’
1242 2235 1438 2278 ἑκάστου
1468 2234 1662 2287 πήχεως
1696 2229 1761 2288 α’,

139 2290 225 2333 ἐπ’
253 2289 482 2344 ἀκρότητι
512 2290 687 2343 ὁμοίως
718 2287 766 2335 α’
807 2291 826 2348 Η
866 2295 892 2334 6
924 2293 1161 2334 cordarum
1200 2293 1246 2333 V
1279 2305 1549 2333 cornearum
1579 2292 1622 2331 B
1662 2305 1761 2332 eor-

139 2360 362 2388 naearum
391 2350 433 2389 P
459 2346 479 2402 11
519 2352 542 2390 7
573 2350 623 2389 in
651 2351 854 2391 numeris
885 2363 998 2390 corr.
1030 2351 1073 2389 in
1101 2350 1150 2388 in
1179 2349 1379 2390 humeris
1410 2350 1452 2388 P
1483 2345 1502 2402 Η
1541 2350 1566 2388 9
1598 2348 1760 2401 cignus

140 2405 183 2444 P
212 2400 232 2457 ss
269 2405 322 2445 10
354 2405 505 2457 attiga
536 2405 774 2445 rhamnum
804 2407 860 2446 tii
892 2405 925 2446 G
961 2407 1140 2445 correoez’
1168 2418 1227 2445 ex
1260 2405 1350 2446 Cat.
1386 2401 1407 2457 ss
1445 2406 1494 2445 11
1531 2416 1761 2457 compres-

139 2459 256 2500 sisse
288 2460 329 2499 P
346 2456 364 2513 Η
397 2462 448 2500 12
471 2461 666 2514 scriptor
689 2474 880 2514 eamque
900 2463 1061 2513 scripsi
1088 2461 1378 2514 scriptorque
1400 2461 1442 2500 P
1469 2461 1761 2513 scriptorem-

141 2527 230 2567 que
262 2515 303 2555 B
324 2513 342 2569 ΙΙ
362 2520 499 2556 natus
522 2516 578 2556 B¹
603 2514 622 2570 11
646 2516 697 2558 13
728 2518 909 2570 cignum
933 2518 966 2557 C
983 2513 1002 2570 Η
1026 2518 1077 2557 14
1109 2517 1199 2557 fuit
1219 2517 1261 2557 B
1282 2515 1300 2571 Η
1321 2520 1478 2557 tentus
1498 2516 1541 2556 B
1571 2518 1762 2556 utentus

141 2578 215 2612 aut
244 2572 440 2612 uteritus
472 2570 547 2626 ΡΗ
563 2579 665 2625 post
698 2573 794 2614 eius
826 2574 926 2614 add.
956 2586 981 2623 a
1013 2570 1090 2627 ΡΗ
1122 2575 1174 2615 15
1207 2574 1446 2626 syderibus
1479 2570 1556 2626 Pl}
1582 2572 1761 2612 habens

141 2627 183 2668 B
204 2624 224 2682 Η
249 2626 326 2669 ἐπὶ
357 2629 444 2669 τοῦ
475 2628 716 2681 τραχήλου
747 2627 964 2681 λαμπρὸν
997 2623 1040 2670 α’
1073 2630 1235 2673 Gatast.
1266 2628 1287 2684 {l
1315 2632 1367 2671 16
1399 2629 1579 2682 alisque
1609 2625 1676 2683 Pl
1707 2630 1763 2669 20

140 2684 430 2737 ganimedem
449 2686 490 2725 P
506 2682 525 2739 ΙΙ
546 2688 597 2725 21
616 2686 921 2726 ministerium
930 2686 1088 2739 Breys.
1111 2686 1367 2726 ministrum
1383 2687 1425 2725 P
1442 2686 1649 2726 mistrum
1725 2681 1745 2738 ss

143 2740 339 2782 enoehoi
372 2741 406 2781 C
441 2738 459 2794 ΙΙ
499 2744 552 2781 22
585 2743 744 2794 sydere
775 2743 818 2782 P
854 2740 873 2795 ΙΙ
912 2744 1125 2783 excidisse
1157 2744 1318 2795 aliquot
1347 2743 1479 2783 uerba
1510 2755 1568 2782 ea:
1603 2742 1762 2782 Catast.

139 2803 285 2849 patet:
313 2797 427 2848 fusio
460 2799 565 2838 enim
596 2799 648 2838 ab
680 2800 859 2851 aquario
875 2800 1001 2849 facta
1032 2805 1181 2839 nectar
1211 2799 1434 2839 dicebatur
1454 2796 1473 2853 Η
1493 2801 1548 2839 23
1581 2796 1765 2839 extellis

140 2851 184 2892 B
203 2849 417 2906 lltxoucot
447 2852 658 2907 ἀετέραι(
691 2852 749 2907 β’,
781 2852 828 2895 οἵ
857 2851 939 2896 εἰει
970 2852 1173 2907 λαμπροί
1205 2855 1364 2897 Catast.
1385 2852 1406 2909 ΙΙ
