1982 3230
777 47 964 89 LIBER
994 47 1059 88 vl
1591 41 1692 94 199

87 192 228 243 nibus
263 189 509 256 explicare
544 203 704 254 neque
739 187 836 238 ulla
861 189 999 238 sitin
1035 189 1183 237 totius
1217 191 1381 236 terrae
1408 185 1690 235 diuersitate

86 263 281 328 partitio
327 275 472 325 quam
516 274 616 308 non
658 259 895 308 memoris
940 273 1087 308 cursu
1134 258 1479 322 descriptionis
1526 254 1688 305 absol-

87 337 235 383 uam'.
276 347 372 397 quo
397 329 527 379 dicto
554 330 783 393 quoniam
811 328 1006 379 fuerant
1030 329 1080 377 in
1107 327 1314 378 deorum
1340 332 1517 377 senatu
1542 341 1687 391 quam

87 403 254 466 plures
280 403 363 467 qui
396 415 558 464 neque
583 400 670 448 toti
708 400 858 450 terrei
884 403 1048 449 essent
1074 413 1233 463 neque
1273 398 1427 462 ipsam
1453 413 1687 462 umquam

38 485 64 518 5
88 473 307 523 dicerent
330 486 383 521 se
410 469 624 520 calcasse
659 469 913 526 tellurem,
949 469 1056 535 ipse
1091 469 1235 517 etiam
1270 468 1491 532 Iuppiter
1528 468 1688 518 curio·

87 544 186 594 sius
211 543 356 592 totius
392 547 552 591 terrae
588 539 802 590 latebras
827 538 976 590 uellet
1012 539 1297 603 exquirere,
1335 538 1484 587 credo
1511 537 1690 606 necubi

86 614 314 663 decentes
339 610 529 676 puellas
562 612 655 660 isto
682 625 878 675 quoque
913 607 1109 658 saeculo
1135 610 1177 657 is
1202 607 1508 658 uersiformis
1544 609 1689 657 etiam

86 683 277 747 cupitor
314 682 527 731 audiret:
578 681 674 731 hoc
709 682 856 744 igitur
891 693 1125 744 promere
1151 679 1432 741 Geometria
1470 679 1690 742 primum

83 752 280 802 iubetur
307 768 364 801 ac
390 751 588 801 demum
623 759 785 801 cetera
815 750 1109 800 astruendae
1135 755 1402 814 praecepta
1428 749 1547 798 artis
1573 762 1690 812 ape-

20 835 63 869 10
86 824 200 873 rire.
275 829 380 872 tum
421 821 502 871 illa

235 893 483 942 ‘Formam
521 893 668 942 totius
702 898 866 941 terrae
911 905 1011 939 non
1056 889 1281 955 planam,
1327 896 1382 939 ut
1429 891 1688 939 aestimant

84 963 315 1029 positioni
371 964 454 1028 qui
513 978 620 1012 eam
669 962 791 1012 disci
849 961 1114 1010 diffusioris
1172 959 1463 1017 assimilant,
1530 975 1691 1025 neque

84 1048 377 1089 concauam,
415 1038 469 1081 ut
504 1032 586 1081 alii
627 1034 711 1096 qui
750 1032 1054 1082 descendere
1088 1030 1303 1080 imbrem
1340 1031 1510 1080 dixere
1546 1030 1690 1080 tellu-

83 1104 154 1153 ris
197 1105 248 1151 in
285 1104 553 1166 gremium,
602 1102 688 1151 sed
733 1102 996 1151 rotundam
1033 1100 1306 1164 globosam,
1355 1102 1503 1151 etiam
1530 1101 1599 1150 sic
1637 1108 1691 1151 ut

21 1186 64 1219 15
87 1173 356 1224 secundum
394 1172 748 1222 Dicaearchum
785 1180 1086 1222 asseuerant.
1162 1186 1375 1236 namque
1410 1176 1548 1220 ortus
1584 1171 1690 1220 obi-

83 1252 260 1308 tusque
296 1243 513 1293 siderum
549 1257 649 1292 non
676 1243 902 1292 diuersus
927 1257 1020 1306 pro
1058 1247 1219 1290 terrae
1255 1241 1466 1290 elatione
1499 1240 1580 1291 uel
1615 1243 1691 1290 in-

85 1313 428 1364 clinationibus
462 1312 755 1370 haberetur,
804 1313 844 1361 si
879 1327 971 1376 per
1005 1311 1152 1376 plana
1187 1312 1374 1361 diffusis
1411 1311 1691 1362 mundanae

84 1383 446 1434 constitutionis
494 1382 728 1448 operibus
777 1398 876 1432 uno
940 1382 1212 1447 eodemque
1270 1389 1496 1446 tempore
1541 1397 1690 1447 supra

82 1461 242 1504 terras
269 1460 316 1503 et
352 1469 566 1518 aequora
602 1454 865 1502 nituissent
898 1459 982 1502 aut
1015 1453 1133 1502 item
1171 1454 1211 1501 si
1247 1453 1428 1502 emersi
1465 1451 1581 1502 solis
1608 1468 1690 1502 ex-

16 1536 62 1570 so
85 1530 222 1574 ortus
249 1527 481 1574 concauis
507 1523 839 1574 subductioris
864 1530 1028 1573 terrae
1050 1522 1251 1573 latebris
1271 1522 1551 1573 abderetur.
1603 1523 1690 1573 sed

84 1596 314 1660 quoniam
341 1595 589 1658 posterior
628 1596 836 1644 assertio
874 1607 1016 1656 mage
1044 1592 1357 1658 despicabilis
1393 1594 1692 1658 opinationis

84 1680 250 1715 cassae
276 1663 462 1715 uilitate
488 1669 733 1722 tenuatur,
761 1663 894 1714 illam
919 1665 1157 1728 priorem,
1186 1665 1264 1714 cui
1287 1665 1431 1713 etiam
1458 1664 1692 1728 physicus

83 1736 399 1799 Anaxagoras
425 1735 644 1792 accessit,
671 1740 889 1798 praestat
913 1735 1126 1798 exigere,
1156 1734 1381 1797 quamuis
1407 1747 1507 1782 non
1534 1732 1693 1784 nullas

87 1806 314 1855 credatur
342 1805 598 1854 adstruere
624 1806 855 1855 rationes,
932 1805 1113 1868 quippe
1140 1803 1257 1852 dicit
1281 1803 1478 1867 planam
1506 1811 1692 1853 terram

17 1887 62 1920 25
86 1880 196 1925 ortu
233 1890 474 1924 occasuue
500 1874 614 1923 solis
642 1882 725 1924 aut
760 1874 905 1924 lunae
931 1875 1193 1938 perspicue
1229 1873 1572 1939 comprobari,
1610 1875 1694 1939 qui

22 1975 23 1978 =
85 1961 213 2003 mox,
242 1946 388 2009 primi
407 1944 604 1994 luminis
626 1943 787 2008 fulgor
808 1953 863 1994 ut
883 1946 1155 2002 emerserit,
1183 1943 1441 1993 confestim
1468 1944 1528 1994 ad
1549 1944 1693 1994 obtu-

87 2022 166 2065 tus
191 2022 389 2065 nostros
415 2015 613 2064 directis
638 2015 782 2065 lineis
808 2015 1113 2079 diriguntur,
1143 2015 1276 2080 quod
1313 2017 1469 2078 magis
1494 2014 1690 2065 indubi-

1720 341 1805 382 589

1720 905 1805 946 590

1722 1181 1804 1221 591

84 2084 248 2134 tabilis
273 2084 584 2150 probamenti
609 2086 715 2142 fiet,
754 2087 795 2135 si
819 2087 871 2134 in
905 2085 1049 2135 litore
1086 2087 1408 2135 consistentes
1443 2085 1692 2136 obstacula
1711 2100 1847 2142 1936

85 2157 327 2205 montium
352 2155 740 2223 (relinquamus,
805 2155 938 2221 quod
964 2157 1004 2204 si
1029 2156 1095 2206 ita
1121 2163 1273 2213 esset,
1314 2158 1504 2206 cunctis
1539 2172 1692 2221 supra

19 2239 64 2272 30
86 2231 244 2275 terras
271 2226 561 2291 degentibus
598 2226 770 2276 eodem
806 2232 1031 2293 tempore
1067 2227 1370 2291 emergentia
1401 2227 1692 2277 uiderentur

86 2312 392 2361 occasusque
427 2311 525 2346 uno
553 2295 692 2346 obitu
729 2295 921 2347 condita
949 2303 1151 2347 cunctas
1176 2296 1401 2347 ualerent
1425 2297 1692 2347 tenebrare

199 2480 227 2518 4
266 2478 407 2519 terrei
437 2478 460 2518 b
499 2478 635 2519 terris
668 2479 748 2520 BR
791 2475 813 2532 ss
863 2479 1011 2531 ipsam
1041 2479 1065 2519 b
1102 2480 1194 2532 ipsi
1221 2479 1305 2520 BR
1347 2475 1368 2532 Π
1415 2481 1439 2519 7
1471 2478 1542 2518 his
1572 2479 1611 2519 R
1656 2475 1676 2530 Η

86 2536 114 2576 8
144 2535 428 2587 geometrica.
457 2548 482 2573 r
526 2531 548 2587 Η
595 2536 645 2574 11
677 2535 826 2574 forma
854 2536 892 2575 R
939 2532 958 2588 Η
1010 2537 1059 2575 12
1090 2535 1310 2587 positioni
1338 2534 1380 2574 B
1409 2535 1639 2588 positione
1669 2534 1694 2574 b

88 2590 333 2644 possitioni
353 2591 390 2631 R
421 2590 722 2644 possitionem
750 2603 775 2630 r
821 2588 840 2644 ΙΙ
880 2590 1155 2631 assimulant
1174 2591 1256 2632 BR
1276 2604 1389 2632 corr.
1412 2605 1442 2643 p
1483 2588 1500 2642 ΙΙ
1543 2593 1595 2632 13
1626 2590 1694 2631 di-

86 2646 307 2688 scendere
347 2647 384 2687 R
450 2643 472 2701 ss
540 2649 591 2687 15
636 2645 864 2687 secundus
903 2645 1143 2687 dicearcus
1184 2651 1424 2687 asseuerat
1454 2646 1536 2687 BR
1583 2649 1697 2701 quod

87 2705 266 2744 correxi
302 2700 321 2756 ΙΙ
362 2704 413 2743 17
445 2716 527 2755 per
548 2704 629 2743 del,
653 2705 695 2743 in
717 2702 758 2741 B
795 2698 815 2755 Η
854 2703 907 2742 22
939 2704 998 2743 ad
1019 2714 1181 2743 cassae
1202 2705 1304 2743 add.
1329 2701 1379 2743 a}
1401 2715 1571 2743 causae
1594 2703 1619 2743 b

86 2758 290 2800 utilitate
311 2759 350 2800 R
373 2755 395 2812 ll
443 2761 497 2800 23
527 2759 646 2799 ullas
667 2757 726 2798 B¹
778 2755 785 2812 Ι
824 2759 880 2799 24
910 2761 1116 2800 astruere
1142 2758 1183 2799 B
1217 2755 1240 2812 [J
1274 2760 1329 2800 26
1358 2762 1408 2799 ut
1438 2772 1517 2800 om.
1537 2757 1639 2801 B¹R

85 2815 139 2856 31
171 2814 354 2857 condita.
380 2816 590 2857 inductum
609 2817 652 2856 in
672 2814 713 2855 B
750 2811 758 2867 Ι
