1982 3230
327 124 434 177 350
749 163 751 166 ⁴
813 124 1115 167 MARTIANI
1146 123 1466 168 OAPELLAE

233 307 235 309 .
326 264 670 330 principalium
698 271 923 322 extenta,
952 267 1150 329 quintus
1176 263 1348 329 ὑπάτη
1375 265 1552 330 μέεων
1577 267 1626 317 id
1654 274 1728 318 est
1750 269 1934 333 princi-

324 336 450 400 palis
476 336 766 392 mediarum,
795 341 960 384 sextus
987 344 1150 386 autem
1177 335 1460 400 παρυπάτη
1488 336 1664 400 μέεων
1702 339 1832 404 quod
1861 346 1934 388 est

327 405 707 471 subprincipalis
728 405 1028 462 mediarum,
1057 408 1292 470 septimus
1313 405 1487 469 μέεων
1508 407 1760 460 διάτονοε
1787 408 1839 459 id
1862 416 1935 458 est

325 476 599 526 mediarum
638 483 858 534 extenta,
906 482 1109 526 octauus
1145 475 1268 540 μέεη
1310 477 1405 527 hoc
1441 485 1513 528 est
1547 478 1732 534 media,
1770 493 1932 528 nonus

323 545 467 610 τρίτη
507 545 853 610 ευνημμένων
895 547 944 596 id
983 552 1055 595 est
1090 549 1234 596 tertia
1280 549 1682 605 coniunctarum,
1711 548 1931 598 decimus

324 615 669 680 ευνημμένων
697 617 946 669 διάτονοε
974 617 1067 666 hoc
1096 623 1169 666 est
1196 619 1571 669 coniunctarum
1599 625 1810 676 extenta,
1838 634 1930 668 un-

294 687 546 744 decimus
589 686 721 750 νήτη
761 687 1108 751 ευνημμένων
1144 688 1193 737 id
1235 694 1307 737 est
1350 688 1519 738 ultima
1559 691 1931 739 coniunctarum

323 757 646 807 duodecimus
670 757 945 821 παραμέεη
981 758 1075 807 hoc
1103 764 1178 808 est
1202 773 1359 823 prope
1384 759 1621 817 mediam,
1648 760 1820 809 tertius
1847 759 1930 810 de·

324 829 479 878 cimus
513 826 658 891 τρίτη
697 827 1083 890 διεζευγμένων
1119 829 1169 878 id
1196 834 1269 877 est
1295 831 1437 879 tertia
1465 830 1752 888 diuisarum‚
1782 844 1930 894 quar-

322 904 401 948 tus
437 898 656 948 decimus
690 897 1075 961 διεζευγμένων
1114 897 1363 950 διάτονοε
1391 900 1520 964 quod
1549 906 1622 949 est
1657 901 1928 950 diuisarum
1953 917 1977 946 1·

172 983 304 1024 3166Υ
321 975 534 1023 extenta,
562 970 762 1034 quintus
785 968 1003 1017 decimus
1028 967 1158 1031 νήτη
1186 968 1571 1032 διεζευγμένων
1600 971 1647 1019 id
1669 977 1742 1019 est
1760 969 1928 1032 ultima

322 1040 614 1096 diuisarum‚
667 1045 835 1089 sextus
885 1039 1105 1088 decimus
1148 1037 1293 1102 τρίτη
1338 1037 1711 1103 ὑπερβολαίων
1757 1040 1803 1089 id
1856 1046 1930 1092 est

319 1111 465 1159 tertia
491 1108 864 1166 excellentium,
894 1110 1134 1173 septimus
1161 1109 1381 1158 decimus
1412 1107 1789 1174 ὑπερβολαίων
1816 1108 1926 1161 διά-

318 1193 482 1232 τονοε
509 1180 605 1229 hoc
625 1186 698 1229 est.
719 1179 1061 1229 excellentium
1090 1185 1301 1236 extenta,
1331 1186 1535 1230 octauus
1557 1180 1776 1229 decimus
1796 1179 1926 1243 νήτη

318 1248 694 1314 ὑπερβολαίων
721 1250 770 1299 id
798 1256 873 1298 est
897 1249 1068 1299 ultima
1096 1249 1455 1299 excellentium.
1484 1268 1487 1271 ’
1949 1266 1978 1301 ιε

459 1321 522 1370 Hi
558 1327 672 1370 sunt
706 1321 855 1383 igitur
893 1322 1028 1377 soni,
1058 1322 1139 1384 qui
1175 1320 1558 1370 modulationem
1595 1326 1706 1384 apte
1733 1317 1927 1370 etcum

205 1406 286 1445 932
317 1392 508 1439 ratione
545 1397 852 1455 conponunt.
931 1396 1121 1439 constat
1156 1397 1318 1440 autem
1354 1391 1514 1440 omnis
1560 1389 1828 1439 modulatio
1866 1406 1924 1440 ex

316 1462 558 1525 grauitate
594 1461 702 1509 soni
738 1459 818 1509 uel
853 1461 1093 1509 acumine.
1170 1462 1386 1524 grauitas
1413 1461 1589 1509 dicitur
1627 1475 1753 1524 quae
1789 1460 1925 1509 modi

317 1531 527 1596 quadam
547 1531 836 1580 remissione
863 1529 1119 1587 mollescit,
1148 1545 1355 1580 acumen
1381 1545 1503 1580 uero
1532 1530 1662 1594 quod
1690 1531 1739 1579 in
1766 1531 1923 1580 aciem

203 1616 285 1656 933
317 1607 567 1651 tenuatam
604 1599 800 1663 gracilis
827 1607 875 1650 et
902 1606 1096 1650 erectae
1131 1599 1476 1650 modulationis
1504 1600 1797 1649 extenditur.
1861 1612 1919 1650 ex
1945 1617 1978 1650 2(

316 1687 468 1736 supra
497 1670 637 1720 dictis
662 1672 828 1735 itaque
855 1671 1005 1726 sonis,
1035 1672 1117 1735 qui
1145 1677 1192 1720 et
1217 1669 1421 1734 singulis
1449 1676 1495 1719 et
1516 1669 1742 1720 omnibus
1769 1672 1924 1736 tropis

313 1742 408 1791 rite
446 1741 751 1791 conueniunt
775 1747 889 1790 sunt
922 1741 1242 1806 symphoniae
1268 1746 1393 1797 treS‚
1424 1755 1631 1805 quarum
1666 1741 1824 1804 prima
1850 1747 1923 1790 est

314 1810 401 1863 διὰ
421 1809 706 1876 τεεεάρων,
736 1826 861 1875 quae
873 1811 1045 1861 Latine
1072 1811 1345 1876 appellatur
1373 1827 1431 1860 ex
1453 1817 1698 1874 quattuor,
1729 1817 1776 1860 et
1792 1812 1920 1860 reci-

313 1884 385 1947 pit
420 1897 569 1932 sonos
595 1888 827 1948 quattuor
854 1882 1008 1946 spatia
1043 1883 1135 1930 tria
1172 1882 1524 1946 productiones
1543 1881 1671 1931 duas
1700 1888 1746 1930 et
1781 1881 1919 1930 dimi-

314 1952 473 2009 diam,
514 1967 628 2002 nam
655 1953 795 2017 prius
820 1958 991 2001 tonum
1018 1952 1396 2016 productionem
1423 1953 1628 2008 uocaui,
1658 1957 1732 2000 est
1757 1957 1916 2001 autem
1942 1967 1980 2000 25

427 2150 449 2187 1
483 2145 691 2189 ΜΗΕΟΝ
716 2147 759 2187 Β
781 2145 979 2188 ΜΕΕΟΝ
1003 2149 1044 2187 D
1071 2144 1090 2201 Η
1131 2149 1155 2187 2
1187 2145 1393 2190 (ῸΗΕΟΝ
1434 2148 1475 2187 D
1509 2145 1528 2200 ΙΙ
1567 2150 1593 2189 3
1624 2145 1918 2189 ΛΙΑΤΟΝΟΕ

307 2204 391 2245 BR
413 2209 454 2245 et
474 2206 537 2244 sic
558 2205 759 2256 deinceps
785 2200 805 2257 Η
831 2205 859 2244 4
880 2200 1038 2244 ΜΗΕΕ
1057 2204 1099 2243 Β
1128 2200 1146 2257 Η
1174 2204 1200 2244 5
1229 2201 1400 2244 ΕΡΙΤΕ
1421 2204 1460 2243 R
1490 2201 1682 2245 ΤΡΥΤΕ
1703 2200 1791 2308 Bel?
1824 2201 1916 2244 (Υ-

310 2257 630 2301 ΝΕΝΜΕΝΟΝ
663 2259 745 2300 BR
776 2265 817 2300 et
843 2262 905 2301 sic
935 2261 1135 2310 deinceps
1175 2256 1193 2313 Η
1240 2261 1266 2300 8
1295 2255 1616 2301 ΠΑΡΑΟΟΕΟΕ
1645 2260 1728 2300 BR
1823 2272 1916 2299 me-

309 2317 384 2357 dia
405 2317 444 2357 R
471 2313 489 2370 Η
529 2318 554 2357 9
585 2314 779 2357 ΤΙΡΙΤΗ
803 2317 842 2357 R
879 2314 897 2370 Η
937 2312 1343 2359 ΑΙΕΖΕΥΟΟΕΝΟΝ
1376 2317 1415 2356 R
1445 2313 1913 2358 aiezeYGMt-tNON

306 2373 349 2413 B
396 2371 402 2426 Ι
473 2375 525 2414 10
563 2369 971 2418 ΛΙΕΖΕΥΕΟΕΝΟΝ
1005 2373 1043 2413 R
1073 2369 1526 2417 aiezevGoeeNoN
1559 2373 1602 2413 B
1650 2370 1672 2426 ll
1719 2368 1914 2413 ΑΙΑΤΟ-

310 2427 388 2470 ΝΟ
456 2430 494 2470 R
531 2426 772 2470 ΑΤΟΝΟ(
802 2430 845 2471 Β
879 2427 898 2484 Η
934 2431 985 2470 11
1029 2425 1547 2474 ΝΕΤΑΙΕΖΕΥΟΟΕΝΟΝ
1581 2429 1620 2469 R
1661 2424 1912 2470 ΝΕΤΕΛΙΕ-

304 2483 676 2527 ΖΕΥΘΜΕΝΟΝ
700 2485 743 2525 Β
771 2485 789 2542 Η
818 2489 871 2528 12
901 2481 1444 2541 ΥΠΕΡΒΟΛΕ(ΗΒ)ΟΝ
1476 2484 1558 2526 RB
1595 2482 1614 2539 ΙΙ
1655 2487 1708 2527 13
1737 2481 1914 2526 ΥΠΕΡ-

308 2539 453 2584 ΒΟΛΕ
473 2540 528 2594 (Η
543 2540 701 2594 Β)ωΝ
734 2545 816 2585 RB
838 2550 882 2584 et
900 2545 962 2584 sic
980 2544 1122 2595 paullo
1139 2550 1242 2594 post
1278 2542 1298 2598 Η
1335 2539 1632 2585 ΛΙΑΤΟΝΟ(
1652 2542 1691 2599 R
1720 2538 1915 2582 ΑΙΑΤΟ-

307 2596 425 2640 ΝΟ(
444 2598 487 2638 Β
535 2596 553 2653 Η
603 2600 655 2639 16
686 2598 753 2640 hii
772 2601 811 2643 R
857 2597 878 2654 Η
915 2601 967 2640 18
995 2612 1079 2652 pro
1108 2600 1229 2640 modi
1259 2603 1414 2641 mauult
1444 2597 1767 2639 modulationis
1797 2597 1911 2638 Mei-

306 2656 461 2697 homins
518 2653 536 2710 l]
595 2657 647 2696 19
693 2657 960 2698 remissione
1000 2656 1190 2696 Ioannes
1231 2657 1403 2698 Grotius
1466 2654 1708 2695 emissione
1739 2654 1822 2694 BR
1874 2648 1896 2706 Η

305 2714 360 2753 20
390 2713 548 2753 rectae
578 2713 617 2753 R
655 2709 675 2766 Η
721 2715 775 2753 22
807 2716 914 2754 sunt
942 2725 1020 2754 om.
1043 2710 1141 2752 RB1
1190 2709 1208 2766 Η
1258 2712 1511 2766 synphonie
1531 2709 1571 2749 R
1601 2710 1846 2762 synfoniae
1868 2708 1912 2749 B

307 2768 562 2819 symfoniae
585 2769 607 2809 b
648 2766 666 2822 Η
705 2771 759 2810 23
791 2782 880 2822 qua
900 2769 939 2809 R
977 2766 994 2822 ΙΙ
1034 2770 1088 2808 24
1109 2771 1200 2808 tres
1221 2783 1245 2809 r
1272 2767 1291 2822 Η
1325 2768 1513 2810 dimidia
1534 2764 1634 2806 B¹R
1668 2763 1686 2819 ΙΙ
1720 2767 1774 2807 25
1805 2778 1910 2806 nam

305 2825 432 2876 prius
463 2828 618 2866 tonum
647 2825 797 2868 Bamb.
813 2828 902 2866 393
933 2838 1039 2877 nam
1071 2837 1230 2865 sonum
1260 2825 1418 2866 fiatid
1450 2825 1520 2864 est
1550 2824 1706 2862 tonum
1736 2823 1775 2863 R
1804 2834 1910 2862 nam

307 2892 465 2920 sonum
503 2880 585 2922 fiat
615 2880 718 2923 ideo
756 2885 913 2922 tonum
943 2881 985 2921 B
1026 2894 1131 2921 nam
1162 2893 1322 2922 sonum
1352 2879 1398 2921 id
1430 2881 1501 2921 est
1531 2881 1687 2919 tonum
1710 2879 1732 2919 b
1754 2875 1772 2933 Η
1816 2901 1818 2903 »
