1982 3230
331 98 440 150 414
680 71 683 74 ”
958 99 1223 141 scHoLIA
1251 101 1318 143 m

337 240 518 296 claras,
571 240 621 287 in
673 238 882 302 pedibus
932 238 1135 303 singulis
1184 244 1436 302 simulas:
1497 242 1622 291 fiunt
1654 243 1965 311 XV11.>·et·

333 312 504 373 iugum
518 308 576 357 Ι.Ι
607 315 655 358 et
680 315 812 357 temo
832 309 875 358 ΙΙ
896 309 1112 373 singulas
1133 309 1310 360 claras:
1341 326 1514 361 omnes
1535 312 1807 378 reliquan
1826 314 1944 365 stel-

333 379 409 429 lae
447 378 762 428 obscuriores
797 379 920 428 fiunt
953 379 1122 430 stellae
1149 379 1308 439 XVII.
1346 387 1576 432 aeternae
1612 382 1804 458 balteus
1840 385 1945 471 eius

335 455 381 499 et
407 448 599 512 gladius
628 464 734 498 esse
763 450 1121 499 existimantur.

475 519 596 568 Cum
624 520 778 583 tetigit
803 518 944 585 solis]
973 536 1023 569 u.
1054 526 1150 569 336
1964 535 1982 568 ε

474 589 870 654 <Hunc·’dicunt
904 590 1158 639 custodem
1208 590 1373 640 datum
1410 592 1641 656 Europae
1686 609 1783 644 una
1831 609 1943 644 cum

332 659 563 715 dracone,
587 674 712 724 quae
739 665 946 724 utraque
973 666 1143 724 postea
1164 661 1321 710 Minos
1341 665 1544 726 accepit.
1574 663 1742 712 eadem
1770 671 1943 728 postea

332 730 394 779 ob
431 730 727 778 medicinam
754 730 977 779 Procridi
1012 731 1205 779 muneri
1233 731 1293 779 ab
1336 746 1394 780 eo
1431 731 1566 789 data,
1613 748 1739 797 quae
1771 739 1942 798 postea

331 800 574 864 Cephalus
613 806 821 864 utraque
855 801 1072 864 possedit
1107 801 1184 848 uir
1208 801 1472 851 Procridis.
1526 818 1673 866 quem
1700 802 1943 868 Cephalus

330 870 389 918 ad
413 869 608 918 Thebas
635 869 916 919 adduxisset
942 869 1000 919 ad
1027 869 1243 933 uulpem,
1273 885 1398 934 quae
1417 872 1767 922 Thebanorum
1794 888 1940 938 agros
1962 895 1980 925 1

329 939 607 989 infestabat.
684 939 798 988 huic
835 940 966 988 enim
1003 941 1113 989 cani
1148 940 1240 988 fuit
1275 940 1426 990 fatum
1462 957 1524 991 ne
1551 942 1610 991 ab
1647 942 1747 992 ullo
1773 951 1942 1007 posset

330 1010 557 1059 interfici.
619 1010 735 1059 item
773 1009 863 1059 fuit
898 1015 945 1058 et
979 1009 1131 1073 uulpi.
1191 1010 1377 1075 Iupiter
1413 1011 1612 1076 uulpem
1651 1014 1703 1061 in
1727 1013 1938 1078 lapidem

330 1082 598 1136 conuertit,
647 1094 820 1129 canem
855 1081 903 1128 in
942 1080 1076 1129 caelo
1114 1082 1259 1130 astris
1292 1080 1510 1147 intulit.>
1569 1083 1707 1131 cuius
1743 1091 1941 1133 exortus

330 1152 519 1213 origine
548 1151 829 1199 continetur
855 1149 951 1208 tali,
979 1156 1034 1199 ut
1058 1150 1305 1215 Amphion
1334 1152 1697 1214 tragoediarum
1726 1154 1940 1218 scriptor

327 1221 496 1269 refert.
551 1236 662 1270 cum
691 1220 851 1270 subito
879 1220 1164 1270 hominibus
1195 1228 1385 1285 segetes
1422 1222 1787 1287 delinquerent,
1823 1222 1936 1272 ilico
1961 1242 1979 1274 1

328 1293 508 1340 missus
544 1291 732 1354 legatus
769 1292 901 1340 canis
942 1291 1000 1340 ad
1030 1290 1260 1355 Oporam.
1314 1307 1425 1341 cum
1461 1292 1586 1341 uidit
1620 1309 1678 1342 eo
1716 1300 1939 1359 tempore

327 1363 674 1423 tempestiuam
702 1375 824 1417 esse,
854 1361 1115 1410 adamauit.
1145 1363 1229 1425 qui
1256 1377 1366 1410 cum
1393 1362 1626 1425 flagraret
1653 1378 1821 1413 amore
1845 1377 1939 1413 nec

328 1438 495 1494 posset
521 1430 645 1488 frui,
680 1431 834 1494 magis
861 1432 1083 1494 asperius
1109 1430 1361 1480 urebatur.
1415 1438 1463 1480 at
1488 1432 1714 1482 homines
1739 1432 1936 1482 calami-

328 1506 426 1549 tate
471 1506 672 1564 accepta
722 1501 840 1550 deos
884 1501 1133 1550 adiutores
1180 1503 1413 1550 inuocare
1458 1508 1743 1566 coeperunt.
1818 1509 1936 1553 tunc

326 1571 501 1633 Aquilo
540 1572 671 1619 misit
704 1569 831 1620 filios
880 1570 1220 1621 adulescentes
1258 1573 1339 1635 qui
1375 1571 1592 1634 Oporam
1628 1574 1737 1622 cani
1771 1572 1934 1624 trade·
1957 1592 1982 1624 2<

325 1649 452 1689 rent.
514 1641 619 1704 ipse
662 1640 782 1690 flatu
825 1655 913 1689 suo
943 1642 1093 1689 ·canis
1138 1641 1368 1691 ardorem
1416 1642 1618 1691 sedauit.
1674 1643 1758 1707 qui
1791 1642 1936 1693 ssatus

327 1712 538 1760 etaesiae
574 1711 820 1760 dicuntur.
895 1712 1079 1760 amoris
1115 1717 1279 1761 autem
1315 1713 1554 1761 memoria
1603 1713 1840 1763 remansit
1874 1728 1934 1764 eo

324 1787 548 1845 tempore
586 1796 682 1845 quo
720 1787 791 1830 est
830 1778 1048 1842 ὀπώρα,
1106 1797 1204 1846 quo
1238 1782 1466 1832 homines
1507 1788 1642 1832 aestu
1677 1782 1805 1832 mori
1838 1783 1936 1834 fre-

438 1909 463 1948 5
496 1906 676 1950 catast.
708 1921 751 1960 p.
785 1908 882 1957 261,
915 1909 968 1948 23
999 1930 1054 1935 ——
1084 1908 1268 1959 262,12

439 2009 459 2046 1
494 2006 688 2059 singulis
710 2006 751 2045 P
779 2004 984 2058 singulas
1014 2005 1056 2045 B
1075 2002 1095 2059 Η
1117 2005 1324 2058 singulas
1355 2006 1508 2046 addidi
1526 2019 1584 2047 ex
1611 2007 1658 2046 V
1681 2006 1746 2058 (in
1777 2020 1856 2072 qap
1885 2007 1935 2047 in

322 2062 516 2114 singulis
546 2061 741 2114 pedibus
771 2061 999 2114 singulas)
1022 2059 1040 2114 Η
1060 2061 1165 2102 XVI
1184 2061 1227 2099 B
1245 2058 1266 2115 Η
1292 2063 1317 2100 2
1341 2066 1386 2101 et
1405 2061 1560 2114 iugum
1579 2064 1737 2114 scripsi
1754 2069 1808 2102 ut
1823 2063 1935 2117 iuga

323 2118 357 2158 C
422 2122 567 2157 temos
598 2117 640 2157 B
669 2114 688 2170 Η
716 2118 741 2155 6
774 2129 914 2168 eurup
920 2129 973 2156 ae
1004 2114 1082 2170 ΡΗ
1101 2130 1189 2157 11110
1221 2116 1278 2157 B¹
1301 2114 1320 2170 Η
1347 2118 1373 2157 8
1403 2118 1612 2158 Procridi
1647 2120 1691 2159 V
1715 2119 1933 2160 Procride

414 2176 439 2215 9
456 2173 679 2225 caphalus
695 2172 736 2212 B
757 2169 776 2226 Η
796 2172 1053 2238 possederit
1065 2186 1095 2224 p
1117 2173 1364 2225 possiderit
1378 2173 1463 2213 BP
1475 2173 1681 2225 possedit
1701 2176 1747 2214 V
1759 2171 1780 2228 Η
1800 2186 1934 2226 quem

270 2238 280 2247 ·
322 2229 555 2283 Cephalus
578 2228 636 2269 ad
658 2228 843 2268 Thebas
864 2230 1022 2280 scripsi
1049 2241 1179 2280 quem
1202 2241 1301 2268 cum
1324 2228 1382 2268 ad
1403 2228 1587 2269 Thebas
1607 2230 1651 2268 P
1678 2242 1934 2281 quemcum-

322 2299 408 2338 que
432 2299 459 2326 a
481 2285 645 2326 thebas
670 2282 857 2332 (thabas
877 2283 956 2335 B¹)
943 2281 1062 2338 )ΒΗ
1089 2286 1141 2325 10
1171 2284 1442 2337 uulpemque
1473 2282 1550 2349 Pll
1580 2286 1630 2324 11
1694 2286 1808 2326 ossit
1809 2282 1915 2381 11ΡΗ

322 2344 373 2382 12
404 2341 555 2394 uulpis
589 2342 620 2381 Ο
650 2340 778 2392 uulpi
815 2336 892 2394 Vll
916 2342 966 2381 13
997 2340 1045 2379 in
1077 2339 1213 2380 astris
1244 2340 1286 2379 B
1306 2337 1324 2389 Η
1347 2341 1399 2380 14
1429 2341 1557 2393 orige
1588 2341 1629 2380 P
1653 2298 1689 2394 Η)
1702 2341 1837 2394 amph
1839 2342 1932 2381 iam
1962 2359 1965 2362 ⁴

320 2398 353 2437 C
373 2395 392 2451 Η
422 2399 473 2439 15
504 2398 655 2439 subito
686 2397 944 2437 hominibus
976 2399 1163 2449 segetes
1186 2396 1519 2448 delinquerent,
1551 2396 1660 2437 ilico
1681 2396 1774 2437 Bre
1773 2399 1934 2451 ysiyius

320 2454 403 2494 sub
434 2454 691 2494 hominibus
723 2452 887 2493 stellae
920 2453 1235 2504 relinquerent
1263 2453 1414 2493 locum
1439 2450 1506 2507 011
1529 2453 1580 2492 16
1602 2452 1801 2505 Oporam
1820 2453 1931 2494 Mei·

320 2510 490 2551 neckius
511 2510 713 2550 dolorem
734 2522 848 2549 corr.
870 2510 912 2548 in
943 2508 1147 2549 doloram
1168 2508 1210 2547 B
1240 2508 1443 2548 doloram
1466 2510 1507 2547 P
1532 2508 1752 2549 Auroram
1769 2507 1931 2549 schau-

318 2567 488 2607 bachius
515 2563 535 2620 Η
563 2568 614 2606 17
645 2565 967 2617 temptatiuam
999 2563 1051 2604 P¹
1075 2561 1093 2617 Η
1123 2577 1275 2604 amore
1314 2564 1355 2603 V
1387 2577 1584 2604 amorem
1619 2561 1695 2617 Cll
1724 2566 1776 2605 18
1807 2565 1866 2604 ad
1898 2564 1931 2605 G

318 2636 432 2664 corr.
465 2621 779 2663 Sekaubaehius
805 2617 826 2674 Η
855 2620 1167 2661 calamitatem
1198 2621 1239 2660 P
1262 2617 1284 2674 Η
1312 2622 1364 2661 19
1397 2633 1539 2673 accep
1545 2621 1581 2660 ti
1613 2620 1647 2660 C
1675 2561 1794 2662 lcorr.
1833 2621 1874 2660 V

320 2678 553 2720 adnitores
576 2682 622 2719 et
642 2691 755 2719 corr.
779 2690 806 2717 a
821 2691 894 2729 pr.
917 2679 961 2716 in
983 2676 1215 2717 adiutores
1238 2680 1284 2717 et
1304 2677 1345 2715 P
1370 2673 1390 2730 Η
1418 2677 1473 2717 20
1495 2675 1812 2717 adolescentes
1832 2676 1875 2715 P

317 2729 1930 2845 35f³310⁶11¹<¹2m²3133n335nffflfflr‘ssqileffiffliffin‘ssfnfirsscsspssfess?{22

318 2849 524 2898 pomatio
556 2859 667 2889 eseu
695 2846 851 2887 moriri
881 2845 1268 2886 feruentissimum
1302 2844 1335 2884 G
1357 2841 1377 2898 Η
