1982 3230
303 116 409 168 400
929 114 1198 157 SCHOLIA
1226 116 1291 157 m

309 257 593 307 excusserit.
671 255 931 319 Euripides
972 256 1283 320 Melanippen
1329 255 1558 305 Chironis
1607 255 1756 305 filiam
1806 269 1914 304 esse

307 328 449 376 astris
487 324 687 374 inlatam
725 324 862 389 [cum
899 332 1030 376 esset
1062 326 1321 375 interfecta
1355 328 1407 375 in
1431 325 1566 375 Pelio
1593 330 1758 376 monte
1785 339 1916 374 eam·

308 411 403 461 que
440 393 717 445 naturalem
751 397 968 461 speciem
1007 395 1370 462 conseruaret].
1422 411 1635 461 namque
1686 410 1801 445 cum
1851 393 1912 444 ab

307 465 457 521 Aeolo
479 480 760 530 conpressa,
782 467 983 530 grauida
1004 467 1220 530 profugit
1240 466 1301 515 ob
1326 467 1564 530 pudorem
1578 464 1712 516 Pelio
1733 469 1915 514 monte.

308 551 454 599 quam
493 551 603 585 cum
641 544 782 600 pater
808 538 1107 601 requireret,
1144 552 1206 585 ne
1234 538 1278 585 ei
1305 552 1356 585 se
1383 537 1584 586 offerret
1619 535 1915 591 aduenienti,
1940 551 1962 585 5

309 607 517 656 deorum
568 607 908 656 misericordia
959 622 1105 657 uersa
1148 608 1197 656 in
1251 622 1431 670 equum
1475 621 1682 670 puerum
1734 605 1917 669 genuit.

309 686 458 742 quam
504 677 608 726 eius
657 678 911 742 patrisque
961 679 1140 742 pietate
1183 678 1335 727 Diana
1386 678 1527 726 astris
1577 674 1738 725 intulit
1787 674 1946 727 unde,

310 746 642 797 CENTAVRO
678 762 859 796 nomen
899 753 1149 812 appareat.
1226 747 1409 797 Chiron
1453 753 1614 797 autem
1659 745 1837 794 dicitur
1878 746 1921 794 is

313 831 418 866 esse
444 818 656 880 ideoque
693 832 867 866 auersa
903 818 1025 867 caeli
1051 825 1194 883 parte
1231 817 1291 867 ab
1331 832 1388 866 eo
1415 818 1625 882 positam
1654 815 1782 866 filiae
1817 814 1921 864 effi-

161 896 214 933 60
244 891 285 931 B
317 889 444 951 giem
471 893 525 936 ut
550 902 650 936 non
678 893 1043 950 agnosceretur.
1096 887 1244 938 habet
1270 886 1433 936 stellas
1459 889 1508 936 in
1534 887 1658 936 facie
1684 884 1838 935 claras
1859 884 1919 942 11,
1946 902 1982 935 ιο

312 959 360 1006 in
390 958 548 1021 capite
573 958 610 1013 Ι,
639 958 688 1006 in
716 973 834 1007 coxa
863 958 899 1014 Ι,
928 958 986 1007 ad
1014 957 1230 1021 singulas
1257 972 1401 1007 aures
1428 957 1645 1021 singulas
1672 955 1843 1011 claras,
1870 956 1921 1004 in

314 1027 439 1076 collo
479 1027 591 1085 IIII,
638 1029 866 1092 proximo
906 1029 1054 1092 capiti
1090 1027 1273 1077 claram
1309 1042 1486 1089 unam,
1524 1028 1574 1075 in
1611 1041 1749 1076 armo
1775 1026 1820 1082 Ι,
1870 1026 1922 1074 in

311 1102 514 1162 pectore
541 1098 587 1154 Ι,
617 1099 666 1147 in
692 1097 924 1148 umbilico
951 1098 1171 1147 ultimam
1199 1098 1380 1147 claram
1407 1097 1453 1154 Ι,
1481 1099 1531 1146 in
1557 1095 1765 1161 genibus
1789 1095 1922 1161 prio-

312 1167 451 1217 ribus
495 1168 687 1218 duobus
731 1171 882 1226 ἅπας,
929 1169 976 1217 in
1013 1168 1212 1233 ungulis
1249 1167 1455 1233 singulis
1490 1170 1742 1230 sinqulas:
1802 1166 1924 1214 fiunt

314 1253 503 1287 summa
529 1237 735 1304 XV111.>
1946 1251 1982 1284 15

455 1309 574 1357 Inde
601 1308 772 1358 subest
795 1307 1001 1374 ARIES]
1028 1325 1078 1359 u.
1110 1315 1204 1357 223

456 1377 636 1443 <Hunc
673 1384 846 1441 putant
880 1379 1078 1443 quidam
1115 1394 1221 1428 esse
1266 1380 1348 1443 qui
1388 1378 1623 1427 Phrixum
1669 1382 1717 1426 et
1750 1374 1924 1425 Hellen

318 1446 525 1497 Colchos
561 1449 775 1511 portauit
811 1447 1077 1514 [pertulit]⁸
1129 1447 1313 1497 Nebula
1352 1463 1461 1496 eum
1489 1447 1565 1496 his
1600 1446 1734 1496 dedit
1773 1460 1924 1496 aureo

317 1517 503 1567 uellere
537 1517 657 1568 κατ’
688 1516 935 1569 Ἡείοδον
972 1521 1055 1582 qui
1096 1533 1178 1567 eos
1212 1518 1472 1582 perferret.
1557 1516 1734 1566 deinde
1768 1517 1927 1579 iungit

318 1588 557 1638 decidisse
579 1587 752 1637 Hellen
773 1605 798 1638 a
820 1603 914 1652 qua
933 1587 1306 1651 Hellespontum
1329 1588 1527 1636 dictum.
1571 1601 1718 1650 quam
1739 1585 1924 1650 Neptu·
1947 1600 1982 1634 2(

434 1758 484 1797 17
518 1756 694 1798 Catast.
727 1770 770 1810 p.
804 1758 903 1807 252,
935 1759 1072 1798 3-17

434 1914 456 1952 1
499 1913 731 1952 excuserit
766 1913 809 1951 in
850 1910 1102 1950 excusserit
1141 1923 1254 1953 corr.
1283 1923 1358 1962 pr.
1388 1923 1443 1950 m.
1482 1910 1526 1949 in
1554 1909 1596 1949 P
1631 1905 1652 1963 ss
1692 1907 1930 1961 euripiden

319 1968 584 2021 melanipen
606 1968 647 2007 B
681 1967 930 2020 euripidem
962 1966 1152 2006 menalii
1184 1979 1334 2019 appen
1364 1967 1405 2005 P
1435 1965 1665 2019 euripides
1697 1964 1812 2004 dicit
1831 1965 1930 2004 Me-

320 2026 556 2076 lanyppen
584 2024 630 2063 V
643 2020 662 2077 Η
682 2026 706 2063 2
737 2024 871 2063 uerba
886 2028 1067 2076 praeter
1086 2035 1251 2063 sensum
1269 2023 1524 2063 scholiastae
1546 2021 1718 2063 obtrusa
1738 2022 1877 2061 deleat·
1892 2016 1913 2073 [Ι

321 2083 346 2121 3
377 2092 575 2131 namque
608 2092 708 2118 cum
737 2081 894 2131 scripsi
922 2092 1029 2120 nam
1062 2091 1162 2118 cum
1194 2079 1272 2131 qui
1304 2074 1374 2132 01}
1402 2079 1458 2119 ab
1493 2091 1547 2119 eo
1576 2077 1727 2119 locum
1757 2075 1844 2116 BP
1871 2075 1928 2116 ab

322 2134 423 2175 eolo
457 2149 489 2187 p
530 2131 548 2188 ΙΙ
585 2136 613 2174 4
645 2147 907 2187 compressa
934 2148 964 2186 p
1005 2147 1267 2187 eumpressa
1297 2135 1339 2173 P
1374 2130 1394 2187 Η
1432 2134 1458 2175 5
1488 2147 1545 2174 ne
1585 2134 1652 2174 eis
1689 2145 1738 2173 se
1769 2131 1934 2177 offeret

320 2191 362 2231 B
399 2187 418 2244 Η
444 2193 483 2241 76
516 2190 801 2231 misericordi
833 2190 1029 2230 aduersa
1060 2189 1100 2228 B
1127 2187 1146 2243 [Ι
1175 2202 1336 2242 equom
1366 2203 1483 2230 corr.
1514 2191 1558 2230 in
1589 2202 1751 2242 equam
1780 2187 1823 2228 B
1850 2184 1871 2242 Η
1905 2189 1930 2228 ’7

322 2247 521 2287 adastris
551 2246 593 2286 B
638 2242 657 2299 Η
711 2248 736 2286 9
773 2245 971 2298 ideoque
1010 2258 1177 2285 auersa
1215 2245 1374 2297 Breys.
1415 2257 1557 2297 eoque
1591 2244 1785 2285 aduersa
1817 2243 1851 2283 Ο
1895 2239 1915 2296 ΙΙ

324 2302 444 2343 caeli
474 2306 605 2355 parte
639 2302 762 2342 caeli
791 2302 833 2342 B
872 2299 891 2355 Η
932 2303 984 2342 10
1023 2298 1203 2354 claras]
1238 2299 1474 2351 ἀμαυρούε
1508 2301 1669 2341 Gatast.
1708 2296 1727 2354 ΙΙ
1768 2301 1818 2339 11
1852 2309 1931 2338 au-

321 2359 383 2399 ris
413 2358 455 2397 B
481 2355 501 2412 [l
533 2356 698 2410 claras]
731 2355 943 2409 ἀμαυρόν
977 2357 1299 2398 Gatastem'smus
1326 2353 1345 2409 ll
1382 2357 1433 2396 12
1463 2369 1602 2397 unam
1627 2361 1728 2409 post
1759 2355 1933 2395 claram

324 2414 472 2465 (clara.
505 2414 564 2464 B)
596 2416 748 2454 addidi
776 2427 835 2455 ecc
866 2414 1028 2456 Gatast.
1068 2409 1087 2467 ΙΙ
1125 2411 1201 2453 ἐπὶ
1232 2410 1430 2463 ετήθουε
1464 2406 1527 2465 α’,
1567 2410 1643 2453 ἐπὶ
1671 2409 1853 2464 ῥάχεως
1883 2403 1932 2450 α’

326 2471 415 2511 Cat.
450 2467 471 2524 H
506 2472 557 2512 13
587 2470 750 2510 ultima
772 2470 900 2510 clara
919 2468 1019 2510 ΒΡι
1045 2466 1064 2523 ΙΙ
1093 2469 1321 2522 prioribus
1341 2467 1497 2520 Breys.
1531 2466 1607 2520 (em
1641 2467 1751 2519 Cat.)
1780 2469 1931 2520 poste·

321 2527 519 2571 rioribus
552 2526 587 2566 Ο
621 2523 640 2579 Η
691 2527 745 2566 14
773 2526 821 2566 in
851 2525 1037 2578 ungulis
1059 2556 1068 2566 .
1089 2560 1097 2568 .
1121 2526 1169 2565 in
1199 2524 1398 2577 singulis
1426 2524 1469 2565 B
1507 2521 1515 2578 Ι
1566 2524 1679 2565 duas
1710 2529 1752 2563 et
1780 2522 1932 2575 singu·

320 2582 392 2623 las
423 2584 575 2623 addidi
602 2584 661 2622 ad
689 2584 924 2634 exemplum
953 2581 1044 2622 Cat.
1085 2578 1104 2634 [Ι
1145 2583 1196 2622 17
1228 2579 1407 2633 quidem
1436 2582 1479 2621 P
1523 2579 1562 2633 5³)
1590 2577 1609 2635 Η
1643 2579 1844 2633 phrisum
1874 2574 1934 2617 Ρ1

321 2639 538 2691 phrysum
567 2637 609 2678 B
648 2635 666 2692 ΙΙ
708 2638 830 2678 ellen
858 2639 900 2678 P
933 2634 953 2692 [Ι
995 2638 1047 2678 18
1077 2636 1262 2678 colehos
1293 2637 1335 2677 P
1361 2636 1512 2677 colcos
1535 2650 1569 2689 p
1599 2635 1784 2676 colchos
1814 2633 1857 2673 B
1895 2630 1915 2687 [Ι

324 2695 527 2747 portauit
565 2695 704 2735 deleto
741 2694 933 2747 pertulit
963 2693 1227 2734 Bizelzelerus
1263 2704 1365 2734 mus,
1396 2693 1528 2734 Rhen.
1560 2705 1656 2733 nou.
1686 2689 1819 2730 XIII
1849 2690 1933 2731 184

323 2754 504 2802 portam
533 2750 724 2803 pertulit
757 2750 791 2791 G
823 2746 842 2804 [Ι
887 2749 1070 2797 Nebula
1101 2762 1203 2789 eum
1232 2748 1302 2789 his
1329 2750 1488 2801 scripsi
1521 2746 1718 2787 nebulae
1747 2746 1790 2786 is
1821 2746 1864 2786 P
1891 2751 1934 2786 et

324 2818 439 2850 corr.
469 2809 513 2846 in
542 2805 744 2847 nubulae
765 2806 805 2846 is
825 2805 867 2846 B
885 2802 908 2859 ss
929 2806 980 2846 19
1013 2803 1360 2846 cathaesiodum
1380 2805 1423 2844 P
1451 2807 1558 2844 cata
1577 2802 1815 2843 hesiodum
1833 2800 1877 2841 B
1896 2798 1917 2855 [1

325 2862 379 2900 20
412 2874 438 2901 a
469 2875 546 2902 om.
578 2863 620 2902 P
649 2859 668 2915 [Ι
703 2874 838 2914 quam
868 2871 1049 2902 nessum
1081 2873 1211 2912 comy
1239 2871 1414 2901 ressum
1446 2859 1480 2899 0
1515 2856 1534 2912 [Ι
