1982 3230
250 133 350 185 198
726 130 1024 172 MARTIANI
1045 130 1364 172 CAPELLAE

461 286 692 323 cerneres
719 286 778 320 ex
803 285 924 320 auro
950 276 1005 320 ut
1029 286 1167 321 sacra
1194 270 1390 321 flamma
1415 272 1578 321 micat.

388 344 457 392 sic
483 342 651 407 Cypris
679 341 861 391 Oceani
885 341 1085 405 perfuso
1111 341 1273 391 sidere
1296 341 1508 407 lymphis
1972 354 1982 383 ³

458 411 687 461 Lucifero
713 416 953 460 annuerat
975 411 1160 460 lumina
1185 417 1286 462 tota
1312 427 1416 462 suo.
1970 384 1982 491 Ξ

388 483 552 531 omnia
580 497 782 546 compar
807 481 955 531 habet
980 481 1181 545 paribus
1207 481 1296 531 sub
1323 481 1514 546 legibus
1540 483 1662 532 ordo
1830 538 1836 543 ,
1968 489 1982 604 1

456 567 548 601 nec
574 554 736 601 minus
762 552 883 601 haec
908 553 1030 602 mira
1058 558 1130 601 est
1155 551 1302 617 quam
1328 553 1500 602 domus
1526 552 1621 603 alta
1646 553 1810 603 deum.
1888 564 1909 597 5
1964 559 1982 618 J„

387 623 515 672 hanc
541 622 724 671 mundo
751 622 1012 672 assimilem
1038 624 1224 686 stupuit
1250 623 1503 672 Trinacria
1527 622 1672 673 tellus
1974 613 1982 693 j

455 692 779 742 Archimedea
805 692 1101 742 astrificante
1127 707 1300 742 manu:

390 778 417 811 o
444 761 562 813 felix
589 777 706 812 cura
735 770 783 812 et
809 763 986 812 mentis
1012 762 1271 827 prudentia
1296 763 1452 812 maior
1972 743 1982 787 ³

461 847 672 897 corpore
698 832 788 882 sub
816 838 985 882 nostro
1012 835 1357 897 aequiperasse
1382 833 1566 883 Iouem.

134 911 218 952 586
248 901 446 952 tandem
472 903 618 965 igitur
644 902 945 966 reglutinatis
972 902 1031 951 ab
1059 903 1258 952 aethrae
1292 904 1664 953 interuibrantis
1691 903 1843 952 admi·
1869 914 1911 947 10

247 974 437 1022 ratione
471 971 736 1022 luminibus
771 972 965 1021 decenti
990 972 1297 1021 conlustrans
1324 973 1465 1023 diuos
1499 979 1846 1038 conspectans-

249 1058 346 1108 que
373 1057 596 1099 censura,
626 1057 737 1091 cum
759 1041 987 1091 omnibus
1012 1042 1287 1091 reuerenda
1314 1042 1587 1091 uenerabili
1612 1043 1847 1107 dignitate

250 1119 297 1161 et
332 1113 562 1176 magistra
598 1111 913 1177 <ceterarum
949 1127 1072 1175 quae
1115 1117 1259 1160 notae
1294 1111 1419 1160 diuis
1456 1119 1572 1162 sunt
1608 1110 1846 1178 [artibus]

250 1183 531 1240 diceretur,·
551 1183 844 1246 exquisitum
871 1188 944 1231 est
970 1182 1255 1231 eruditionis
1282 1194 1517 1232 arcanum
1553 1189 1608 1232 ut
1644 1182 1705 1231 ab
1731 1182 1849 1247 ipsis

248 1253 612 1316 praeceptionis
658 1251 913 1301 cunabulis
950 1253 1196 1316 auspicata
1235 1251 1564 1315 depromeret.
1626 1258 1731 1301 tum
1767 1250 1848 1300 illa
1871 1263 1913 1296 15
1973 1273 1982 1284 =

249 1328 441 1371 remoto
468 1320 722 1385 paululum
750 1321 1002 1370 obstaculo
1030 1322 1239 1370 contorti
1275 1323 1424 1370 crinis
1450 1337 1477 1371 a
1502 1324 1625 1372 facie
1651 1323 1848 1386 orisque

248 1391 498 1440 luculenta
536 1392 791 1440 maiestate
825 1390 1148 1454 resplendens
1187 1396 1332 1455 atque
1377 1391 1516 1441 abaci
1564 1393 1639 1441 sui
1674 1406 1845 1455 super-

137 1469 219 1509 587
251 1461 415 1510 fusum
457 1459 717 1525 puluerem
759 1475 966 1509 mouens
1009 1461 1077 1510 sic
1122 1475 1295 1509 exorsa
1332 1460 1468 1510 ‘licet
1501 1460 1849 1510 Archimedem

251 1546 415 1580 meum
436 1532 572 1580 inter
597 1529 916 1595 philosophos
943 1531 1219 1595 conspicata
1247 1530 1598 1595 Euclidemque
1625 1531 1846 1580 doctissi-

251 1616 386 1649 mum
412 1601 463 1649 in
489 1600 780 1650 astruendae
806 1601 1168 1665 praeceptionis
1194 1615 1432 1650 excursus
1457 1601 1701 1664 potuerim
1729 1600 1846 1650 sub·
1869 1612 1911 1644 20

249 1685 442 1734 rogare,
491 1685 555 1719 ne
590 1670 867 1734 impolitum
905 1671 1165 1735 quicquam
1211 1670 1497 1735 subsisteret
1549 1676 1854 1720 assertorum.

251 1746 333 1789 aut
358 1740 665 1804 profunditas
703 1740 960 1802 caligaret,
998 1746 1161 1807 tamen
1198 1741 1547 1804 congruentius
1579 1741 1684 1805 ipsa
1709 1738 1847 1789 uobi-

101 1818 232 1860 192G
253 1825 415 1866 scum,
445 1812 557 1875 quia
584 1809 852 1875 Cyllenium
904 1809 1117 1860 excludit
1166 1816 1535 1869 ornamentum,
1585 1810 1655 1858 illi
1705 1811 1848 1859 etiam

250 1879 498 1929 Helladica
525 1886 714 1929 tantum
741 1881 888 1929 modo
916 1880 1159 1936 facultate,
1199 1880 1319 1929 nihil
1348 1881 1548 1930 effantes
1574 1880 1846 1937 Latiariter‚

253 1951 520 1999 atticissant
541 1966 666 2014 quae
688 1952 831 1999 etiam
858 1952 961 2015 ipsa
977 1966 1060 2000 eos
1083 1950 1268 2008 edocui,
1298 1951 1428 2015 quod
1453 1965 1720 2016 numquam
1740 1947 1846 1999 fere
1870 1959 1912 1992 25

138 2028 221 2070 588
252 2020 441 2075 accidit,
470 2020 721 2069 Romuleis
756 2026 809 2068 ut
834 2026 1007 2083 potero
1045 2019 1250 2069 uocibus
1275 2019 1563 2084 intimabo.)
1622 2035 1678 2070 ac
1712 2020 1849 2084 prius

252 2088 479 2137 uocabuli
514 2091 612 2137 mei
645 2090 916 2153 promenda
952 2091 1090 2145 ratio,
1129 2105 1190 2139 ne
1226 2091 1511 2140 indecenter
1547 2089 1848 2155 squalentior

251 2160 562 2221 peragratrix
589 2157 930 2208 caelicolarum
958 2165 1177 2208 auratam
1205 2161 1390 2209 curiam
1419 2167 1467 2209 et
1484 2161 1848 2216 interstinctum

254 2226 485 2290 cylindris
543 2228 905 2291 gemmantibus
954 2230 1289 2292 pauimentum
1349 2229 1502 2278 rurali
1561 2242 1847 2293 respersura

251 2296 459 2361 puluere
486 2298 661 2347 credar
698 2299 921 2347 intrasse.
998 2299 1275 2354 Geometria
1304 2299 1440 2347 dicor
1467 2298 1597 2362 quod
1622 2313 1845 2363 permea-
1871 2309 1912 2341 30

251 2374 351 2415 tam
391 2367 567 2416 crebro
595 2368 976 2430 admensamque
1014 2367 1239 2417 tellurem
1278 2370 1479 2432 eiusque
1513 2369 1721 2430 figuram
1746 2382 1846 2415 ma-

253 2437 554 2499 gnitudinem
590 2437 753 2487 locum
779 2445 944 2501 partes
972 2445 1019 2486 et
1044 2439 1198 2487 stadia
1224 2439 1408 2502 possim
1437 2453 1547 2487 cum
1575 2439 1673 2487 suis
1699 2438 1848 2486 ratio-

366 2606 391 2644 2
422 2604 902 2656 cf.Ver9.Aen.·VIII
924 2607 1006 2645 589
1045 2602 1066 2659 Η
1105 2607 1158 2647 10
1189 2606 1503 2646 ammiratione
1524 2605 1605 2645 BR
1642 2600 1661 2656 ΙΙ
1703 2605 1754 2643 13
1779 2614 1849 2642 ar-

252 2659 376 2700 tibus
407 2662 546 2701 deleuz·
591 2657 610 2714 Η
651 2662 703 2701 19
732 2660 985 2713 philosofos
1007 2662 1047 2700 D
1095 2659 1114 2705 ΙΙ
1164 2661 1475 2714 eoclidemque
1495 2660 1579 2700 BD
1617 2655 1636 2712 Η
1684 2661 1737 2700 23
1771 2671 1846 2699 ex-

254 2715 378 2755 cudit
405 2716 448 2755 B
495 2714 516 2770 H
562 2718 618 2757 24
648 2715 850 2757 elladica
879 2717 962 2757 BD
1011 2714 1029 2770 [Ι
1077 2717 1333 2758 faccultate
1364 2719 1405 2757 D
1452 2714 1471 2769 Η
1520 2715 1700 2756 efantes
1730 2716 1771 2754 D
1811 2711 1830 2766 [1

252 2769 487 2813 lacialiter
505 2773 547 2812 D
586 2769 605 2825 Η
644 2774 698 2814 25
727 2773 831 2825 ipsa
861 2785 938 2813 eos
957 2774 1117 2825 scripsi
1139 2774 1264 2826 ipsos
1283 2773 1367 2814 BD
1394 2769 1413 2826 ΙΙ
1452 2773 1505 2812 27
1537 2769 1850 2822 exqualentior

253 2824 295 2863 B
326 2827 613 2877 squalentior
634 2828 657 2868 b
687 2827 980 2880 xqualentior
999 2829 1039 2871 R,
1069 2833 1115 2869 et
1146 2829 1428 2882 squalentior
1455 2827 1573 2866 Vule.
1600 2822 1623 2879 Π
1655 2828 1712 2867 30
1743 2837 1849 2879 geo-

253 2883 446 2923 metrica
467 2897 491 2923 r
528 2881 550 2936 H
588 2886 640 2925 31
674 2897 1043 2937 ammensamque
1066 2885 1147 2926 BR
1193 2882 1214 2937 ΙΙ
1261 2886 1315 2926 32
1345 2883 1490 2936 partis
1511 2879 1611 2922 B¹R
1658 2878 1679 2935 ΙΙ
