1982 3230
279 125 325 167 X
509 122 853 165 PRAEFAno
876 122 941 163 IN
961 120 1329 163 MARTIANVM
1351 96 1699 162 GAPELLAM'
1734 91 1736 94 ’
1805 102 1813 121 ’·
1827 103 1966 173 ²1:-

282 250 571 300 thesaurum
600 249 789 298 seruari
827 249 969 297 amici
1004 254 1355 304 narrauerant,
1393 247 1453 296 de
1480 262 1536 296 eo
1562 248 1785 312 quaesiui
1807 244 1947 303 sed
1932 219 1946 254 ³

283 334 404 382 nihil
443 332 803 382 inueniebatur.
869 331 950 380 alii
989 331 1122 382 Halis
1158 347 1243 381 eos
1280 346 1386 381 esse
1421 331 1690 390 affirmant,
1739 327 1950 398 neque*

283 433 406 467 uero
446 416 707 480 quidquam
746 417 952 466 interest
979 432 1088 465 cum
1126 418 1371 465 neminem
1403 415 1506 464 fore
1533 417 1780 481 suspicer,
1816 415 1946 480 qui

283 515 372 550 eos
398 499 541 549 ualde
569 500 830 549 desideret.

701 686 703 688 ’
759 695 995 746 OAPVT
1037 696 1431 746 SECVNDVM

1932 340 1982 450 5⁵2

1947 443 1982 524 i

1955 527 1982 550 -ὶ

1943 707 1946 709 Α
1962 661 1982 711 τί

431 836 663 885 Codicum
727 835 907 900 quibus
954 836 1012 884 ad
1052 836 1382 885 recensendos
1417 836 1642 884 Martiani
1677 833 1903 900 Capellae
1976 832 1978 837 ’

286 919 442 968 libros
470 934 587 968 usus
615 935 720 968 sum
750 919 870 967 haec
899 926 971 969 est
997 920 1277 984 descriptio.

430 1003 594 1052 Codex
621 1002 1100 1065 Bambergensis
1128 1005 1210 1067 (M.
1235 1005 1272 1052 L
1294 1003 1331 1051 V
1355 1001 1434 1057 16,
1454 1001 1485 1053 8
1506 1003 1682 1053 laeckii
1703 1018 1750 1051 n.
1773 1000 1900 1068 391)

284 1087 502 1150 scriptus
530 1092 603 1134 est
628 1088 830 1136 ineunte
858 1087 1051 1136 saeculo
1081 1087 1269 1136 dec-imo
1305 1090 1356 1137 in
1383 1088 1683 1137 membranis
1714 1086 1903 1135 formae
1927 1144 1930 1146 ,

286 1170 554 1234 quadratae
601 1171 820 1219 minoris.
886 1170 1001 1219 solia
1049 1178 1162 1220 sunt
1207 1172 1439 1227 ducenta,
1460 1172 1634 1234 uiginti
1670 1185 1753 1220 sex
1797 1171 1903 1219 siue
1966 1157 1982 1179 '³

286 1255 639 1317 quaterniones
666 1254 1027 1317 duodetriginta
1056 1262 1102 1303 et
1130 1257 1287 1304 ternio
1315 1256 1557 1305 dimidius.
1610 1255 1756 1319 primi
1781 1269 1903 1318 qua·

288 1338 531 1387 ternionis
559 1338 772 1401 primum
802 1337 997 1394 folium,
1038 1339 1166 1401 quod
1203 1345 1284 1387 aut
1309 1341 1554 1403 scriptura
1588 1338 1794 1387 uacabat
1819 1342 1905 1387 aut
1980 1326 1982 1332 ¹

287 1422 665 1484 inscriptionem
701 1421 1006 1478 continebat,
1050 1429 1295 1472 resectum
1334 1429 1431 1471 est:
1480 1425 1542 1472 ita
1583 1437 1694 1471 cum
1730 1420 1900 1470 folium
1974 1411 1982 1474 ,³

288 1506 436 1570 primi
483 1506 818 1567 quaternionis
855 1513 1129 1555 extremum
1174 1505 1570 1569 reglutinandum
1616 1504 1748 1556 esset
1791 1511 1929 1568 poste
1966 1514 1969 1515 ’

284 1597 481 1638 sextum
508 1588 679 1637 folium
710 1590 918 1645 codiciS,
957 1591 1095 1638 cuius
1127 1590 1248 1639 haec
1274 1596 1388 1640 sunt
1424 1597 1642 1640 extrema
1668 1589 1822 1638 uerba
1849 1591 1902 1638 in

278 1675 642 1739 participatum
677 1676 840 1734 operis
873 1687 1246 1736 consessumque
1279 1690 1451 1736 suscep
1491 1674 1559 1739 (p.
1589 1673 1637 1730 9,
1664 1671 1784 1738 20),
1824 1687 1904 1722 er·
1959 1708 1962 1709 γ

289 1772 406 1806 rore
444 1758 546 1805 eius
584 1762 636 1805 ut
672 1762 815 1819 put0,
854 1759 937 1820 qui
970 1758 1164 1807 codices
1198 1759 1592 1822 Bambergenses
1627 1775 1668 1808 a.
1707 1754 1909 1807 MDCXI‘

288 1839 544 1914 tractabat,
582 1839 843 1902 religatum
882 1847 954 1890 est
986 1849 1098 1905 post
1131 1842 1402 1892 secundum
1439 1844 1812 1907 quaternionem
1848 1842 1904 1889 in
1966 1836 1978 1851 ³

288 1924 412 1973 haec
449 1922 603 1972 uerba
638 1923 940 1973 desinentem
979 1941 1164 1988 eorpus
1198 1934 1362 1977 autem
1399 1927 1460 1991 (p.
1489 1925 1572 1985 22,
1609 1924 1711 1991 24).
1764 1925 1904 1990 pagi-

293 2024 387 2056 nae
449 2006 811 2056 uersiculorum
861 2014 974 2057 sunt
1031 2011 1320 2059 uicenorum
1372 2011 1693 2075 singulorum.
1769 2009 1947 2058 hunc‘'

289 2091 473 2139 librum
524 2092 608 2154 qui
650 2090 1017 2154 religiosissime
1065 2101 1111 2142 et
1154 2095 1442 2143 nitidissime
1484 2100 1774 2144 exarauerat
1813 2107 1910 2142 nti-2
1976 2108 1982 2110 ·

289 2181 400 2224 ctus
448 2178 521 2222 est
569 2173 960 2232 emendatorem,
1016 2178 1096 2240 qui
1143 2193 1252 2226 eum
1294 2193 1405 2226 cum
1454 2177 1545 2226 alio
1595 2193 1751 2240 eoque
1787 2190 1903 2241 per·
1971 2215 1982 2223 .,

290 2260 493 2321 egregio
543 2258 812 2315 conferret,
869 2274 1091 2322 quaeque
1139 2261 1420 2324 discrepare
1458 2261 1900 2318 animaduertisset,

290 2345 342 2391 in
378 2344 448 2390 eis
485 2342 692 2404 primam
734 2343 1033 2406 scripturam
1072 2351 1156 2392 aut
1195 2345 1390 2394 cultello
1423 2345 1648 2394 eraderet
1689 2349 1772 2393 aut
1801 2344 1902 2393 sive
1964 2327 1977 2342 ⁵

289 2425 485 2475 lineolis
523 2426 627 2474 siue
663 2427 858 2487 punctis
908 2426 1107 2475 adiectis
1144 2429 1399 2478 induceret
1432 2445 1658 2493 nouaque
1696 2427 1903 2492 adderet
1939 2483 1945 2485 ,
1976 2456 1982 2457 ff

288 2511 537 2573 scriptura
564 2510 830 2558 minutiore
860 2524 1083 2573 quaeque
1117 2512 1227 2561 ideo
1264 2513 1471 2562 sortasse
1510 2519 1696 2561 tantum
1735 2509 1900 2576 paullo

289 2598 532 2664 sequioris
554 2594 725 2642 aetatis
747 2594 957 2642 uidetur.
986 2601 1243 2658 praeterea
1266 2612 1385 2645 uero
1413 2597 1509 2645 duo
1532 2598 1626 2645 nisi
1649 2595 1790 2644 fallor
1810 2594 1911 2643 ho‘—'

293 2690 450 2739 mines
479 2690 697 2739 codicem
725 2684 1081 2734 tractauerunt‚
1111 2679 1233 2728 alter
1259 2695 1357 2728 non
1379 2680 1531 2729 multo
1551 2686 1663 2744 post
1683 2680 1901 2743 primum

292 2773 677 2829 emendatorem,
708 2769 830 2819 alter
857 2761 1051 2818 saeculo
1079 2762 1183 2812 fere
1211 2771 1384 2827 quarto
1406 2763 1617 2813 decimo·
1655 2769 1702 2812 et
1725 2775 1902 2833 recen·

292 2857 390 2903 1101·
425 2855 503 2905 ille
530 2859 687 2905 statim
725 2855 1054 2907 semouendus
1091 2853 1185 2902 est,
1236 2863 1348 2897 cum
1384 2846 1611 2896 facillime
1647 2852 1780 2897 aetas
1815 2859 1902 2894 co·-
1959 2911 1965 2918 μ
