1982 3230
301 138 404 190 174
777 137 1076 178 MARTIAM
1107 135 1426 178 CAPELLAE

0 278 39 316 θ
60 267 247 350 iil--
301 281 355 328 fit
381 280 420 327 si
454 292 544 340 pro
572 277 842 325 nouissimo
879 275 1092 325 molosso
1129 278 1317 326 ionicus
1352 279 1514 326 minor
1550 284 1761 343 ponatur
1796 285 1927 344 post'

300 348 615 403 trochaeum,
646 353 698 395 ut
725 348 766 395 si
793 347 926 395 dicas
953 350 1109 395 ‘mare
1145 347 1495 397 fluctuantibus
1521 347 1632 398 litus
1666 351 1901 414 agitanti'.
1967 351 1982 392 4ἒ

150 428 281 471 1716
301 419 387 467 sed
413 419 463 466 in
490 417 582 465 hac
602 416 817 466 clausula
845 417 1119 466 cauendum
1147 432 1209 466 ne
1234 432 1325 481 pro
1345 418 1580 468 trochaeo
1601 419 1902 483 paenultimo
1970 402 1979 426 ³

301 487 549 552 spondeus
573 493 802 551 ponatur.
877 501 988 536 nam
1015 493 1133 536 tunc
1169 489 1209 535 si
1234 487 1441 537 solueris
1466 491 1660 539 tertiam
1686 489 1902 548 molossi,

299 561 350 606 in
377 558 550 607 uitium
578 558 724 614 cadis,
753 556 896 620 quale
922 557 1091 606 incidit
1112 557 1285 607 Cicero
1312 573 1423 608 cum
1451 559 1567 608 dicit
1593 561 1651 608 ‘si
1676 566 1726 609 te
1750 559 1899 610 semel
1945 556 1982 629 ἓξ

301 628 361 678 ad
386 642 521 677 meas
548 643 719 691 capsas
757 628 1039 676 admisero’.
1094 628 1134 676 si
1160 634 1322 677 autem
1348 629 1645 692 paenultimo
1671 630 1905 680 trochaeo
1974 642 1982 680 '.·

300 699 513 748 mediam
550 698 750 747 molossi
785 697 1006 754 solueris‚
1035 697 1292 761 pulchram
1321 699 1586 749 clausulam
1623 700 1816 756 feceriS,
1851 706 1906 749 ut
1978 694 1982 745 3

0 810 18 839 e
35 784 99 842 3*
116 798 143 823 ιι,
161 787 194 816 ιε
216 788 269 806 -ν
302 771 342 819 si
363 768 497 818 dicas
522 768 656 817 ‘litus
672 767 943 817 Aemiliae'.
982 769 1098 816 item
1124 768 1356 818 trochaeo
1376 769 1675 832 paenultimo
1698 769 1906 833 pulchre
1980 787 1982 790 ⁴

41 845 54 867 '¹
304 841 446 888 etiam
473 840 615 887 tertia
642 838 841 887 molossi
867 837 1131 887 resoluitur
1157 846 1211 887 ut
1237 840 1277 888 si
1297 839 1429 888 dicas
1455 840 1585 889 ‘litus
1611 839 1903 905 aequabile'.

301 911 417 958 item
445 910 486 957 si
511 909 734 957 trochaei
758 907 1047 973 paenultimi
1082 908 1278 972 longam
1304 908 1598 959 soluerimus
1624 916 1671 959 et
1696 912 1905 975 primam
1927 904 1982 971 10}

303 979 504 1027 molossi
537 978 722 1034 ultimi,
759 979 812 1026 fit
847 977 1044 1041 elegans
1080 977 1296 1027 clausula
1334 986 1388 1027 ut
1423 987 1494 1029 est
1529 982 1694 1030 ‘curas
1728 995 1904 1045 regere

303 1050 598 1098 animorum'
613 1067 637 1098 *
651 1064 675 1094 *
691 1063 721 1094 *.

188 1131 270 1170 523
367 1123 371 1127 ’
444 1117 705 1182 Εἰρωνεία
741 1123 814 1167 est
840 1116 1110 1174 simulatio,
1149 1119 1201 1165 in
1227 1133 1322 1182 qua
1357 1117 1484 1168 aliud
1520 1119 1689 1169 uerbis
1710 1121 1904 1183 signifi-

304 1205 487 1246 camus,
518 1190 647 1239 aliud
675 1204 729 1237 re
756 1190 860 1253 ipsa
888 1188 1123 1236 sentimus
1149 1193 1203 1236 ut
1229 1195 1303 1237 est
1327 1190 1625 1254 principium
1650 1204 1742 1253 pro
1763 1190 1904 1254 Liga-

303 1261 376 1308 rio
414 1262 618 1309 ‘nouum
658 1261 846 1307 crimen
883 1259 970 1309 Gai
1006 1258 1220 1307 Caesar'.
1298 1259 1616 1323 παράλειψις
1654 1267 1726 1309 est
1761 1275 1902 1324 prae·
1926 1273 1973 1307 ιε»

302 1331 462 1379 teritio
491 1346 602 1379 cum
630 1332 778 1391 quasi
800 1330 1248 1392 praetermittentes
1276 1330 1516 1393 quaedam
1553 1330 1705 1378 nihilo
1744 1332 1922 1379 minus·

304 1401 524 1450 dicimus.
603 1397 920 1461 ἀποετροφή
959 1405 1031 1446 θεῖ
1065 1400 1115 1446 in
1151 1398 1362 1462 aliquem
1391 1400 1609 1449 districta
1647 1401 1906 1450 conuersio

303 1471 539 1534 frequens
566 1470 695 1534 apud
722 1468 1010 1518 Ciceronem
1039 1482 1095 1515 ac
1121 1468 1300 1517 nobilis
1325 1469 1497 1532 figura.
1572 1470 1667 1519 hoc
1695 1476 1768 1520 est
1794 1484 1906 1519 cum

303 1542 354 1588 in
382 1539 590 1604 aliquem
620 1541 689 1589 sic
717 1539 1051 1588 conuertimus
1084 1541 1328 1587 actionem
1356 1546 1407 1588 ut
1434 1556 1492 1588 ex
1515 1555 1572 1588 ea
1608 1540 1795 1590 iudices
1821 1541 1905 1589 do-

305 1625 518 1661 ceamus,
593 1608 897 1671 διαπόρηειε
933 1614 1003 1655 est
1029 1606 1389 1672 <addubitatio,
1419 1623 1515 1672 qua
1541 1610 1698 1672 figura
1723 1611 1906 1659 utimur
1929 1628 1971 1660 20

305 1695 415 1728 cum
441 1680 596 1729 ueluti
622 1679 899 1728 dubitantes
926 1677 985 1726 ab
1013 1678 1130 1740 ipsis
1163 1678 1408 1728 iudicibus
1434 1679 1764 1730 inchoamenti
1788 1694 1904 1728 con-

305 1749 465 1800 silium
499 1749 805 1815 postulamus
841 1755 895 1796 ut
932 1753 1005 1795 est
1040 1762 1131 1810 pro
1158 1748 1381 1798 Cluentio
1410 1750 1656 1812 ‘equidem
1692 1765 1789 1815 quo
1827 1765 1906 1799 me

305 1827 495 1870 uertam
531 1820 716 1869 iudices
742 1820 946 1868 nescio'.
1023 1824 1069 1866 et
1094 1834 1184 1882 pro
1212 1819 1438 1868 Cornelio
1466 1823 1700 1883 ‘pugnem
1736 1826 1906 1869 contra

305 1890 723 1939 nobilissimorum
759 1889 1015 1937 hominum
1054 1889 1212 1936 studia
1241 1889 1438 1938 consilia
1476 1892 1791 1954 rationesque
1811 1904 1905 1951 *eo-

191 1972 274 2012 524
304 1976 416 2010 rum
444 1961 720 2026 aperiam‘?'
752 1966 800 2009 et
826 1965 1004 2007 cetera.
1080 1957 1324 2021 ἐρώτημα
1351 1965 1422 2008 est
1447 1961 1784 2023 interrogati0‚
1812 1973 1906 2024 qua
1925 1976 1966 2009 25

303 2031 460 2094 figura
495 2032 703 2086 utimur,
753 2045 865 2078 cum
915 2029 1264 2091 interrogando
1308 2029 1490 2093 aliquid
1536 2030 1826 2079 acerbamus
1861 2034 1908 2079 et

419 2200 443 2238 5
483 2198 574 2237 diu.
604 2199 652 2238 in
683 2196 823 2244 Caec.
853 2196 877 2245 ξ
906 2196 958 2235 51
1009 2192 1027 2248 Η
1079 2198 1129 2235 12
1170 2196 1320 2249 Caput
1350 2196 1404 2237 de
1436 2196 1592 2248 figuris
1626 2211 1681 2238 ex
1708 2197 1906 2250 Aquilae

306 2254 500 2295 Romani
538 2253 645 2295 libri
683 2253 710 2302 ἐ
739 2255 763 2294 7
786 2255 908 2294 —46
947 2258 1171 2304 sumptum
1217 2257 1286 2292 est
1342 2250 1361 2307 Η
1426 2255 1478 2293 15
1524 2267 1566 2305 p.
1600 2254 1702 2306 Lig.
1741 2255 1768 2303 ἓ
1798 2256 1819 2293 1
1869 2250 1888 2307 ΙΙ

304 2312 359 2350 22
398 2311 422 2359 ἓ
453 2313 480 2350 4
529 2308 547 2365 Η
595 2313 649 2351 23
679 2324 722 2364 p.
758 2310 892 2350 Corn.
924 2312 970 2353 II
1003 2311 1024 2347 1

419 2452 444 2490 6
477 2450 648 2491 admise
671 2450 727 2490 B¹
763 2448 783 2505 Ι]
819 2450 845 2490 8
875 2452 1067 2505 pulchra
1088 2450 1147 2490 Βι
1182 2447 1200 2503 ΙΙ
1237 2451 1287 2489 11
1312 2461 1446 2490 curas
1467 2461 1628 2502 regere
1652 2450 1905 2490 animorum

308 2520 386 2548 om.
400 2506 505 2548 BR:
537 2510 580 2547 in
601 2507 642 2546 B
662 2510 724 2547 sic
748 2510 948 2560 peryz'tur
978 2510 1021 2548 in
1042 2508 1186 2548 eodem
1214 2518 1340 2546 uersu
1363 2505 1572 2545 clausula
1594 2508 1643 2544 ut
1666 2509 1736 2545 est
1758 2506 1906 2546 ironia

310 2568 381 2604 est
414 2563 666 2612 simulatio,
699 2565 904 2604 adiectum
923 2566 967 2604 in
987 2577 1118 2616 mary.
1147 2575 1270 2602 manu
1297 2563 1428 2614 paulo
1458 2563 1695 2602 recentiore
1724 2557 1799 2600 De
1819 2561 1903 2602 FI-

308 2619 503 2660 GVRIS.
536 2623 632 2660 item
654 2631 785 2659 curas
807 2633 966 2673 gerere
1005 2621 1269 2660 animorum.
1301 2617 1384 2656 DE
1413 2616 1657 2658 FIGVRIS
1688 2617 1777 2657 add
1801 2629 1826 2656 r
1859 2618 1905 2658 in

307 2688 438 2728 marg.
461 2680 650 2717 lacunam
669 2677 1087 2724 indicauit-Halmius,
1111 2688 1227 2729 quem
1247 2675 1343 2715 uide
1368 2670 1387 2727 Ι]
1417 2674 1468 2714 15
1486 2671 1756 2725 paralemsis
1766 2671 1848 2712 BR
1866 2669 1887 2726 ΙΙ

310 2733 361 2771 16
385 2733 516 2784 quasi
536 2733 695 2785 Aquila
724 2732 748 2781 5
780 2735 807 2772 8
837 2746 913 2774 om.
930 2732 1017 2773 BR
1056 2728 1075 2785 Η
1116 2734 1164 2772 17
1200 2730 1257 2770 ad
1288 2729 1488 2781 aliquem
1519 2728 1542 2768 b
1579 2725 1600 2781 ss
1636 2730 1693 2773 20*
1721 2727 1905 2768 dubita-

308 2787 372 2827 tio
395 2789 460 2828 Db
494 2785 513 2842 ll
551 2790 605 2828 24
636 2787 887 2828 ‘hominum
908 2787 1202 2828 uoluntates?
1225 2785 1376 2827 studia
1396 2791 1474 2825 etc.
1498 2783 1670 2836 Aquila,
1693 2789 1739 2823 ut
1758 2785 1802 2823 in
1824 2783 1903 2825 Ga-

306 2845 419 2893 pella
441 2857 603 2902 quoque
623 2844 886 2885 scribendum
906 2850 984 2894 est,
1007 2846 1090 2895 πίει·
1108 2856 1232 2884 error
1252 2847 1315 2882 est
1334 2842 1483 2894 ipsius'
1499 2839 1692 2880 Halmius
1725 2836 1747 2894 ss
1780 2840 1904 2893 cogi·

309 2900 599 2952 ‘nationesque
627 2900 784 2952 Aquila
823 2898 842 2953 ΙΙ
880 2901 934 2940 26
966 2899 1235 2941 acerbamus
1257 2898 1447 2938 Halmius
1469 2908 1737 2937 aceruamus
1757 2895 1842 2936 BD
1867 2891 1887 2949 Η
