1982 3230
328 82 435 133 412
955 81 1224 124 sonomA
1252 82 1318 124 IN
1980 98 1982 134 3

473 222 644 271 Sidera
672 237 799 286 quae
825 221 1034 288 mundo]
1063 239 1112 272 u.
1144 229 1243 271 324

469 291 595 356 <Hic
621 307 815 342 causam
843 291 989 341 talem
1015 293 1164 342 habet
1190 308 1277 342 cur
1304 295 1448 343 astris
1473 295 1536 344 sit
1559 292 1752 345 inlatus.
1813 294 1945 359 Nep-

327 370 477 411 tunus
499 377 609 411 cum
633 362 977 425 Amphitritem
999 363 1236 427 deligeret
1256 363 1531 430 [diligeret]
1564 379 1770 414 uxorem
1791 380 1940 431 quam

330 432 562 489 haberet,
612 439 660 481 et
685 431 764 481 illa
790 432 1134 490 intellexisset,
1174 434 1411 498 confugiit
1437 435 1496 484 ad
1523 434 1846 492 Atlantidem,
1890 441 1946 485 ut

329 518 468 552 suam
512 504 844 566 uirginitatem
897 503 1181 553 custodiret.
1259 519 1383 569 quae
1428 520 1540 554 eum
1585 520 1636 554 se
1681 504 1969 556 occulissetz

327 572 586 637 Neptunus
613 574 745 623 misit
771 574 851 637 qui
879 589 986 623 eam
1014 581 1275 638 raperent,
1314 575 1443 624 inter
1469 589 1592 639 quos
1619 582 1666 624 et
1693 575 1943 625 DELPHI-

327 643 475 693 NVM.
540 646 624 707 qui
661 659 773 693 cum
812 645 942 693 eirca
980 643 1165 693 insulas
1198 644 1469 694 Atlantides
1503 646 1791 702 rimaretur,
1828 660 1943 710 rep-

327 714 457 777 perit
493 728 600 763 eam
636 715 978 777 nuntiauitque
1014 714 1259 778 Neptuno.
1313 730 1459 780 quam
1494 714 1576 765 ille
1610 716 1942 780 persuasioni-

327 783 421 832 bus
452 783 513 832 ad
550 799 687 832 suam
727 785 958 847 perduxit
992 784 1297 834 uoluntatem
1336 784 1670 850 delphinoque
1704 786 1942 836 maximos

329 854 548 902 honores
583 855 634 901 in
660 855 783 902 mari
822 853 1015 911 tribuit,
1058 870 1205 918 quem
1231 857 1280 903 in
1319 857 1462 905 astris
1498 855 1660 905 intulit
1686 870 1978 906 consecra-1

330 925 499 987 uitque
527 930 576 972 et
600 925 706 986 ipse
733 925 784 971 in
805 938 954 972 manu
975 938 1062 974 sua
1082 925 1268 974 habere
1293 926 1506 974 instituit
1529 932 1582 975 ut
1604 925 1943 975 Artemidorus

329 994 500 1043 refert.
552 994 703 1043 habet
728 994 894 1043 stellas
919 993 1050 1044 VlIlI
1084 995 1297 1059 indeque
1323 996 1564 1044 musicum
1593 997 1787 1060 signum
1824 996 1943 1045 dici-

204 1072 310 1113 75B
332 1071 414 1113 tur
452 1064 581 1128 quod
618 1079 826 1114 numero
863 1063 1113 1114 Musarum
1159 1064 1322 1114 stellas
1356 1065 1528 1114 hahet:
1574 1066 1624 1114 in
1666 1080 1753 1114 ore
1787 1067 1842 1122 I,
1892 1065 1944 1115 in

330 1134 498 1199 λοφιᾷ
522 1135 581 1191 ΙΙ,
620 1136 669 1183 in
695 1136 886 1184 uentris
912 1134 1127 1199 pinnulis
1153 1135 1233 1192 III,
1261 1137 1313 1184 in
1340 1135 1487 1185 dorso
1513 1135 1549 1191 I,
1587 1137 1635 1184 in
1663 1135 1816 1186 cauda
1841 1133 1942 1201 Π.)

472 1218 589 1267 Tela
617 1225 763 1282 caput
789 1218 1101 1284 magnisque]
1130 1236 1178 1269 u.
1211 1226 1303 1268 331
1960 1235 1982 1266 1

471 1289 653 1354 <Hunc
678 1288 919 1338 Hesiodus
956 1290 1021 1337 ait
1046 1290 1261 1353 Neptuni
1297 1298 1345 1338 et
1379 1289 1614 1354 Euryales
1648 1288 1829 1347 filium,
1866 1292 1944 1340 cui

332 1359 516 1408 donum
551 1359 743 1415 datum,
799 1366 855 1407 ut
890 1373 1040 1422 supra
1076 1359 1255 1409 fluctus
1291 1359 1567 1408 ambularet
1603 1359 1756 1410 ueluti
1793 1374 1943 1424 super

328 1435 531 1478 terram.
562 1430 644 1492 qui
665 1444 776 1477 cum
799 1428 918 1478 Chio
940 1428 1181 1486 uenisset,
1210 1430 1445 1492 Meropen
1470 1428 1769 1493 Oenopionis
1794 1428 1943 1479 filiam

330 1499 621 1562 conpressit.
693 1514 838 1562 quem
887 1498 1143 1562 Oenopion
1190 1498 1252 1548 ob
1298 1500 1526 1548 iniuriam
1571 1500 1853 1549 excaecauit
1895 1507 1944 1550 et

330 1568 510 1617 finibus
536 1569 636 1617 suis
664 1568 865 1632 expulit.
916 1570 1024 1632 ipse
1051 1584 1163 1617 oum
1187 1569 1425 1617 Lemnum
1461 1569 1699 1627 uenisset,
1736 1568 1940 1620 Vulcani
1960 1582 1982 1616 2

331 1638 511 1687 auxilio
547 1653 664 1687 usus
691 1638 824 1687 dedit
863 1640 908 1686 ei
936 1638 1195 1687 Cedaliona
1225 1640 1307 1702 qui
1344 1654 1455 1688 eum
1482 1639 1649 1688 ferret.
1703 1654 1802 1702 quo
1829 1654 1940 1689 cum

332 1709 390 1757 ad
422 1715 558 1756 ortus
585 1708 700 1756 solis
726 1710 954 1763 uenisset,
985 1724 1010 1756 a
1039 1708 1151 1758 Sole
1179 1709 1412 1758 dicuntur
1440 1710 1484 1757 ei
1510 1709 1693 1758 lumina
1718 1710 1940 1759 restituta

442 1863 466 1900 2
500 1861 675 1902 catast.
710 1876 751 1914 p.
785 1859 1172 1915 260,3—191116
1205 1844 1380 1902 catast.
1411 1876 1453 1915 p
1487 1863 1581 1910 260,
1614 1863 1939 1913 23—261,22

442 1990 467 2027 2
498 1988 604 2027 hinc
636 1987 693 2027 B¹
725 1984 744 2041 ll
774 2000 886 2040 quur
916 1988 957 2026 B
984 1985 1004 2041 ll
1034 1988 1200 2027 austris
1232 1985 1309 2040 ΡΗ
1342 1990 1368 2029 3
1399 1987 1625 2040 deligeret
1652 1990 1742 2028 scri
1770 1989 1810 2029 si
1838 1987 1941 2028 dili-

328 2047 459 2096 geret
492 2044 525 2083 G
553 2043 770 2096 diligeret
800 2045 898 2084 add.
932 2045 973 2082 P
997 2041 1018 2097 ll
1043 2057 1230 2084 uxorem
1260 2057 1337 2084 om.
1370 2040 1451 2097 Pl
1440 2040 1461 2097 ll
1497 2057 1628 2096 quem
1658 2043 1701 2083 B
1728 2041 1735 2098 l
1773 2045 1801 2084 4
1833 2055 1942 2153 cBon-

327 2099 448 2151 fugit
477 2099 520 2138 B
548 2096 566 2151 ll
594 2101 618 2138 6
649 2099 891 2150 Neptunus
928 2100 972 2139 V
997 2100 1138 2140 niltus
1170 2100 1204 2139 C
1249 2097 1269 2165 ll
1313 2103 1500 2152 raperet
1528 2101 1570 2139 P
1596 2098 1879 2152 peterentB

327 2155 605 2206 delphimum
634 2156 676 2194 P
713 2154 966 2194 delfhinum
999 2155 1038 2193 B
1085 2152 1103 2208 ll
1154 2158 1177 2195 7
1226 2157 1352 2195 circa
1387 2158 1545 2207 scripsi
1580 2167 1716 2195 urcas
1755 2156 1796 2195 P
1829 2167 1943 2195 urea

326 2210 369 2250 B
395 2208 415 2264 ll
445 2213 469 2251 7
499 2211 735 2251 Athlantis
771 2211 812 2250 V
839 2210 1070 2262 plantides
1101 2210 1134 2250 C
1171 2207 1190 2263 ll
1229 2212 1255 2250 8
1286 2211 1619 2262 nunciauitque
1650 2213 1694 2250 P
1727 2207 1747 2264 ll
1786 2213 1811 2252 9
1841 2209 1940 2251 del-

325 2267 465 2320 phino
496 2263 575 2320 Pll
594 2267 820 2306 maximas
850 2266 892 2305 B
920 2263 939 2320 ll
968 2268 1020 2307 10
1048 2267 1098 2306 in
1126 2267 1169 2306 P
1197 2270 1243 2306 et
1272 2266 1314 2305 B
1340 2263 1359 2319 ll
1388 2266 1768 2318 consecrauit-que
1799 2266 1940 2319 Brey-

326 2324 456 2375 sigius
486 2323 837 2375 proereauitque
873 2322 906 2362 C
951 2319 969 2376 ll
1027 2324 1076 2362 11
1110 2322 1456 2363 artemmidorus
1490 2323 1522 2362 G
1568 2319 1587 2375 ll
1638 2323 1689 2361 12
1728 2322 1777 2361 in
1805 2322 1940 2363 libris

327 2391 439 2431 quos
472 2379 527 2418 de
560 2391 712 2419 amore
745 2379 860 2418 fecit
887 2385 986 2430 post
1016 2378 1162 2418 refert
1199 2380 1300 2420 add.
1332 2380 1538 2418 Heinsius
1576 2376 1652 2430 (cf.
1685 2376 1941 2430 Breysiyius

327 2436 481 2478 Philol.
514 2435 703 2487 XIIIp
753 2434 854 2486 662)
887 2448 944 2475 θα)
977 2435 1138 2475 Catast.
1179 2432 1199 2487 ll
1239 2435 1422 2474 ducitur
1451 2434 1494 2474 B
1533 2431 1552 2487 ll
1602 2435 1654 2474 13
1685 2434 1867 2475 stellam
1895 2432 1941 2472 B

327 2491 439 2531 stelt
484 2488 507 2544 ll
557 2492 665 2531 abet
674 2449 736 2531 pP
780 2488 799 2543 ll
847 2503 983 2530 unam
1009 2496 1113 2542 post
1143 2503 1219 2531 ore
1250 2492 1351 2531 add.
1391 2492 1434 2531 V
1464 2487 1484 2544 ll
1520 2491 1573 2530 14
1603 2489 1658 2530 λο
1663 2491 1748 2542 φῐᾷ
1778 2489 1938 2530 Catast.

323 2546 440 2588 folia
470 2547 512 2585 B
543 2554 584 2587 et
614 2561 641 2586 a
667 2561 737 2599 pr
770 2561 820 2589 m.
854 2559 970 2586 corr.
1004 2560 1059 2587 ex
1089 2545 1187 2586 filia
1219 2547 1259 2586 P
1288 2547 1403 2587 solio
1434 2549 1554 2598 uulgo
1596 2545 1708 2586 folio
1747 2545 1791 2584 V
1823 2541 1844 2598 ll
1884 2546 1938 2584 16

325 2602 571 2659 Euripides
601 2604 643 2642 P
672 2602 902 2655 euripyles
932 2602 975 2641 B
1003 2602 1229 2655 Euryales
1267 2603 1310 2643 V
1332 2599 1351 2655 ll
1381 2603 1433 2643 18
1464 2602 1565 2642 chio
1596 2601 1630 2641 G
1657 2597 1677 2654 ll
1706 2599 1847 2640 filiam
1877 2601 1942 2641 bis

325 2661 528 2711 scriptum
548 2661 591 2699 in
621 2659 663 2698 B
709 2656 730 2712 ll
780 2661 832 2699 19
865 2659 1106 2699 exceeauit
1135 2657 1177 2697 B
1225 2655 1244 2711 ll
1291 2660 1346 2698 20
1378 2658 1578 2711 expulsit
1604 2656 1646 2696 B
1684 2653 1705 2710 ll
1740 2655 1939 2696 Vulcani

327 2714 556 2767 Kiesslz'ny
589 2715 771 2756 Vulcan
804 2715 837 2756 0
873 2711 892 2769 ll
932 2717 983 2756 21
1018 2713 1272 2754 Cedaliona
1305 2713 1395 2754 Bre
1395 2715 1554 2767 ysiyius
1585 2711 1817 2752 caballum
1848 2709 1906 2764 Ol

328 2783 416 2821 quo
444 2772 604 2823 scripsi
633 2772 710 2823 qui
742 2772 775 2812 G
811 2768 830 2824 ll
870 2774 923 2811 22
955 2774 1080 2812 ortus
1109 2770 1151 2810 B
1182 2770 1339 2811 hortus
1368 2771 1410 2810 P
1434 2767 1452 2823 ll
1484 2772 1530 2809 et
1559 2781 1671 2809 corr.
1704 2769 1748 2808 in
1780 2781 1808 2808 a
1837 2767 1880 2806 B
1898 2766 1905 2821 l

325 2827 572 2867 luminaria
604 2828 644 2866 P
679 2824 698 2880 ll
