1982 3230
3 0 122 116 Y
617 103 636 114 i
811 72 998 114 mmm
1026 73 1065 113 v
1617 70 1718 124 143

46 244 51 253 ·
104 218 301 268 minari.
353 217 405 266 in
430 214 615 266 infinita
642 229 765 265 uero
792 214 1127 265 uniuersitatis
1153 214 1446 264 astruendae
1471 213 1564 264 sibi
1589 214 1714 264 fidu-

106 290 233 338 ciam
262 287 539 337 uindicante
572 290 689 334 tunc
714 286 875 349 potius
903 299 1091 343 uersor,
1133 300 1246 335 cum
1274 286 1427 336 otium
1454 300 1511 334 ac
1547 285 1716 350 dispu-

107 355 628 421 tationesadgredior,
658 355 772 405 licet
796 354 1092 420 plerumque
1120 358 1267 405 etiam
1295 371 1412 420 pars
1438 357 1559 420 ipsa,
1590 371 1717 420 quae

103 429 258 479 thesis
284 428 484 484 dicitur,
522 427 574 474 in
601 428 762 476 causis
799 426 921 475 mihi
951 426 1122 475 elatius
1158 425 1410 476 anhelanti
1446 432 1717 476 amentatas

60 514 83 546 5
104 499 268 549 hastas
302 496 480 547 crebro
508 503 556 546 et
582 496 677 561 pila
716 496 982 560 plurimum
1018 495 1231 546 ualentia
1266 498 1575 547 ministrarit.
1650 446 1749 566 an!

103 568 234 629 aliud
259 569 310 617 in
337 568 605 617 Scauriana
630 568 889 624 succurrit,
920 582 1030 616 cum
1068 568 1356 631 interposita
1385 568 1716 630 disputatione

102 644 340 690 tractatur
377 639 457 687 ‘ex
486 637 662 702 quibus
702 638 862 688 causis
887 652 1023 686 mors
1063 637 1294 686 obueniat
1328 638 1623 702 repentina'
1660 653 1716 687 ac
1735 650 1816 689 141
1838 648 1875 688 G

19 716 193 775 χρη)
218 707 399 759 Milone
436 707 660 759 similiter
699 711 790 757 tan
826 708 1040 758 mundus
1072 708 1335 773 prudentia
1372 707 1716 771 gubernetur'.

60 791 66 793 ·
101 780 316 843 denique
355 795 381 828 e
419 780 542 828 meis
591 778 918 828 sectatoribus
957 779 1155 843 quidam
1204 780 1307 828 acri
1355 778 1619 828 admodum
1660 794 1717 828 ac

21 865 80 899 ,ιο
102 849 416 900 subtilissima
451 850 641 899 ratione
677 850 908 900 commoti
945 848 1131 898 nullam
1169 864 1276 900 esse
1312 855 1602 899 attestantur
1628 850 1715 914 hy-

5 908 22 935 '
100 921 330 987 pothesin
369 919 785 987 [quaestionem],
823 936 941 970 nam
969 927 1147 970 cuncta
1174 936 1300 986 quae
1337 921 1387 969 in
1427 920 1716 970 defensione

16 992 25 1018 ’·
100 1006 192 1056 pro
218 993 318 1041 reis
345 996 613 1055 contraque
642 1006 726 1040 eos
752 991 802 1039 in
829 991 1224 1040 accusationibus
1258 997 1617 1049 retractantur,
1656 991 1715 1040 ad

101 1061 358 1126 generales
383 1063 698 1126 quaestiones
724 1067 956 1126 poterunt
982 1061 1235 1127 applicari.

243 1132 346 1182 Iam
370 1147 492 1181 uero
514 1138 680 1196 partes
707 1131 854 1182 officii
881 1134 976 1181 mei
996 1133 1214 1198 quinque
1242 1147 1349 1182 esse
1368 1147 1471 1182 non
1494 1131 1716 1182 dubium.
1748 1138 1831 1177 442

38 1217 79 1250 15
101 1217 218 1253 nam
246 1209 319 1252 est
343 1203 560 1252 inuentio
583 1203 838 1267 dispositio
866 1202 1076 1252 elocutio
1103 1205 1342 1253 memoria
1363 1204 1715 1266 pronuntiatio.

101 1273 331 1339 3¹1de
359 1274 505 1330 enim,
535 1288 661 1337 quae
688 1288 714 1321 a
740 1288 841 1321 non
867 1272 1016 1322 nullis
1042 1273 1243 1331 dicitur,
1273 1273 1499 1337 partibus
1528 1275 1717 1322 cunctis
1746 1256 1934 1347 mpt'o‘tS

96 1326 396 1394 adscribitur
423 1343 708 1408 idcircoque
742 1343 847 1406 ipsa
873 1358 990 1408 pars
1028 1359 1130 1392 non
1166 1346 1351 1408 poterit
1383 1345 1478 1394 rite
1505 1345 1715 1400 censeri,

99 1414 215 1479 licet
239 1413 502 1464 dicendum
528 1414 646 1480 quid
682 1412 990 1464 silendumne
1032 1416 1093 1463 sit
1127 1414 1424 1480 dispensatio
1463 1415 1716 1464 iudicatio-

99 1487 179 1535 nis
227 1485 488 1542 examinet.
565 1496 848 1535 INVENTIO
890 1492 964 1534 est
1002 1487 1347 1550 quaestionum
1396 1493 1717 1550 argumento-

23 1569 79 1609 220
99 1570 310 1621 rumque
336 1569 485 1618 sagax
510 1556 952 1619 inuestigatrixque
989 1554 1382 1621 comprehensio,
1458 1567 1715 1607 DISPOSI-

102 1638 200 1677 r1¹10
229 1631 302 1676 est
336 1641 463 1691 quae
500 1626 725 1676 ordinem
763 1625 915 1676 rebus
952 1627 1187 1676 attribuit.
1264 1637 1560 1677 ELOCVTIO
1591 1641 1716 1691 quae

99 1698 275 1763 arripit
299 1696 454 1746 uerba
479 1697 560 1747 uel
579 1698 782 1761 propria
808 1697 888 1746 uel
910 1697 1162 1755 translata,
1193 1713 1418 1762 quaeque
1445 1712 1577 1746 noua
1600 1697 1717 1747 facit

99 1773 371 1831 ueteraque
397 1769 661 1832 componit.
737 1779 1010 1818 MEMORIA
1036 1769 1177 1818 firma
1214 1783 1381 1817 rerum
1420 1767 1715 1817 uerborum-

101 1853 199 1903 que
225 1837 446 1887 custodia
472 1844 561 1887 est.
628 1848 1068 1888 PRONVNTIATIO
1096 1839 1234 1888 uocis
1261 1845 1422 1888 motus
1449 1844 1715 1903 gestusque

36 1921 81 1955 25
102 1923 195 1973 pro
229 1922 400 1958 rerum
434 1913 483 1957 et
516 1907 787 1958 uerborum
808 1907 1042 1972 dignitate
1077 1909 1368 1959 moderatio,
1444 1909 1529 1958 sed
1555 1924 1614 1958 ex
1639 1908 1715 1958 his

26 1978 29 1981 ’
100 1979 438 2029 inuentionem
476 1983 668 2028 certum
706 1983 780 2028 est
815 1993 923 2029 esse
957 1980 1287 2044 potissimam,
1325 1978 1466 2029 cuius
1488 1995 1615 2044 opus
1643 1985 1716 2029 est

103 2063 281 2099 causae
317 2050 628 2112 quaestiones
664 2054 897 2100 excutere
938 2056 987 2100 et
1029 2057 1322 2114 argumenta
1357 2046 1574 2115 probatu
1609 2050 1711 2100 ido-

99 2133 195 2170 nea
218 2120 495 2184 repperire.

242 2187 594 2247 Quaestionum
627 2205 751 2241 uero
779 2190 960 2256 duplex
996 2193 1206 2257 species.
1282 2190 1405 2241 aliae
1440 2198 1556 2241 sunt
1581 2192 1713 2242 enim
1743 2198 1829 2238 443

34 2273 82 2308 80
100 2258 416 2326 principaleS,
455 2259 579 2311 aliae
615 2261 903 2313 incidentes
981 2273 1367 2314 PRINCIPALES
1407 2269 1522 2312 sunt
1558 2268 1714 2312 status

101 2345 162 2382 ex
186 2330 366 2397 quibus
389 2332 610 2382 nascitur
635 2347 808 2390 causa,
850 2347 974 2396 quas
998 2333 1190 2383 Tullius
1225 2334 1600 2383 constitutiones
1626 2346 1713 2396 ap-

213 2459 269 2500 30
299 2456 398 2501 cio.
420 2456 476 2500 de
495 2457 597 2502 Inv.
618 2458 642 2499 1
662 2459 687 2509 ἓ
710 2459 763 2501 10
786 2461 833 2500 et
852 2460 1039 2515 saepius

216 2572 239 2611 1
269 2571 319 2612 in
347 2569 530 2612 infinita
559 2571 623 2612 Rb
653 2569 835 2612 infinita
854 2571 941 2612 BD
986 2569 1009 2627 Π
1051 2574 1081 2614 4
1111 2574 1416 2614 ammentatas
1438 2571 1521 2613 BR
1559 2568 1580 2625 [I
1628 2571 1656 2612 9
1688 2585 1714 2613 e

100 2639 181 2670 om.
202 2626 319 2669 B¹R¹
355 2625 374 2682 ΙΙ
402 2627 658 2669 ammodum
678 2627 721 2667 B
746 2623 768 2682 Π
807 2629 858 2667 11
882 2629 1094 2680 quaestio
1111 2629 1194 2670 BR
1212 2632 1534 2682 quaestionem
1554 2627 1604 2668 b.-
1627 2629 1712 2671 del.

100 2684 297 2726 Halmius
332 2681 342 2739 Ι
401 2697 509 2725 nam
546 2685 648 2724 add.
669 2684 887 2724 Halmius>
917 2680 936 2738 Η
990 2685 1045 2725 14
1079 2685 1265 2726 dubium
1288 2689 1360 2726 est
1381 2685 1405 2726 b
1445 2681 1465 2740 ΙΙ
1515 2685 1568 2725 15
1587 2690 1630 2724 et
1657 2686 1710 2725 21

103 2739 307 2793 eloqutio
404 2740 638 2795 eloquutio
658 2740 698 2781 R
740 2736 761 2794 ss
810 2741 861 2781 18
899 2740 1142 2781 dicendum
1173 2742 1282 2794 quid
1319 2741 1607 2783 silendumne
1629 2740 1714 2782 BR

104 2793 348 2847 (silendum
374 2797 432 2850 R)
467 2797 576 2850 quid
606 2795 849 2837 dicendum
881 2797 989 2850 quid
1028 2797 1253 2839 silendum
1275 2811 1298 2838 r
1347 2795 1366 2853 ΙΙ
1415 2801 1470 2840 24
1502 2800 1710 2851 questus-
1740 2843 1744 2847 ,

104 2863 191 2904 que
213 2851 272 2893 B¹
320 2850 340 2906 11
387 2854 442 2896 25
472 2854 747 2908 dignitatem
777 2854 814 2894 R
852 2850 872 2907 ss
