1982 3230
185 579 271 618 300

157 1134 262 1174 786

180 1418 261 1457 301

299 77 371 130 82
780 78 1082 121 MARTIANI
1111 78 1432 122 CAPELLAE

301 222 414 270 hos
453 226 502 268 et
537 219 645 268 has
683 220 1010 284 optimatis
1048 226 1096 269 et
1131 219 1221 270 has
1247 223 1645 285 praegnatiS,
1684 226 1915 288 quamuis

299 296 498 340 ueteres
524 297 933 353 praegnatum
960 296 1009 339 et
1034 292 1401 354 optimatum
1441 291 1687 346 dixerunt.
1725 308 1906 357 prae·
1954 294 1959 296 ’

299 375 447 424 gnas
484 365 649 409 autem
686 359 910 409 feminini
948 367 995 410 et
1020 362 1183 410 neutri
1219 362 1414 425 generis
1454 368 1539 411 est.
1615 378 1679 412 as
1705 369 1753 413 et
1776 379 1904 414 mas
1955 344 1970 422 f

302 445 415 480 cum
441 430 538 478 sint
570 429 932 495 monosyllaba,
961 429 1181 495 analogia
1209 446 1308 480 non
1333 437 1563 481 tenentur
1589 432 1676 483 sed
1700 435 1902 498 propria
1959 489 1968 498 ,

301 500 514 566 quadam
540 500 865 551 declinatione
898 501 1053 550 assis
1080 509 1127 551 et
1152 503 1342 551 maris
1366 502 1554 564 faciunt
1579 509 1626 552 et
1650 504 1700 552 in
1725 503 1900 568 plurali
1942 515 1977 567 φ-

301 572 531 622 assium
569 572 840 621 marium.
903 571 995 620 fas
1034 578 1081 621 et
1117 572 1293 621 nefas
1331 578 1497 636 aptota
1534 579 1662 623 sunt.
1715 574 1904 625 Graeca

297 643 511 698 nomina,
541 655 667 705 quae
693 641 822 706 apud
849 656 939 691 nos
964 643 1015 690 in
1040 653 1110 692 AS
1139 648 1333 699 exeunt,
1361 649 1462 692 tres
1487 645 1675 707 species
1699 643 1900 694 habent.
1953 675 1961 701 a

294 713 456 777 prima
483 718 555 761 est
580 718 635 761 ut
661 711 974 777 Olympias
993 712 1257 776 Pythias,
1298 727 1411 761 nam
1439 712 1815 778 Olympiadis
1853 720 1903 764 et
1959 708 1971 765 ζ

295 782 635 848 Pythiadis
673 783 802 832 facit.
877 782 1093 832 secunda
1120 791 1173 832 ut
1209 782 1418 832 Pallas
1457 782 1661 833 Thoas
1697 783 1898 842 Atlas,
1956 823 1961 830 .,

295 867 410 902 nam
447 851 761 902 Pallantis
798 852 1108 902 Thoantis
1145 852 1425 903 Atlantis
1462 853 1592 903 facit.
1667 855 1810 904 tertia
1847 860 1902 904 ut
1923 849 1971 910 1⁴5

294 926 533 973 Aeneas
570 923 958 988 Pythagoras
996 922 1215 987 Lycas,
1255 938 1369 972 nam
1394 923 1510 972 facit
1534 926 1774 974 Aeneae
1800 924 1903 990 Pya
1968 923 1970 926 ’

294 993 597 1057 thagorae
633 993 858 1058 Lycae,
899 992 1095 1057 quando
1122 999 1291 1042 nostra
1324 994 1514 1043 ratione
1540 995 1738 1043 nomina
1777 1010 1903 1060 quae

297 1065 516 1128 genitiuo
534 1065 587 1113 in
605 1063 645 1113 E
667 1069 846 1112 exeunt
876 1063 1181 1112 nominatiuo
1202 1064 1241 1111 A
1255 1066 1506 1123 finiuntur
1523 1070 1578 1113 ut
1597 1063 1864 1114 Catilina
1877 1081 1904 1114 e
1959 1080 1971 1128 ·.‘

297 1134 584 1185 Catilina.
614 1134 702 1184 sed
716 1133 838 1183 haec
851 1134 1036 1184 Graeca
1055 1139 1192 1183 sunt:
1214 1132 1324 1183 ideo
1339 1134 1390 1182 in
1404 1135 1707 1183 nominatiuo
1723 1134 1757 1184 S
1774 1134 1920 1184 litte·v

293 1220 404 1254 ram
423 1206 655 1255 retinent.
695 1204 935 1268 quaedam
959 1210 1126 1253 tamen
1145 1203 1362 1267 perdunt
1386 1204 1418 1253 S
1438 1203 1650 1254 litteram
1672 1205 1723 1253 in
1744 1205 1901 1255 nomi·
1924 1197 1977 1270 ιζὲ

293 1275 462 1324 natiuo
498 1281 553 1324 ut
595 1274 770 1324 Nicia
807 1274 854 1324 M
871 1273 983 1325 ela.
1056 1274 1189 1338 Ergo
1225 1275 1276 1322 in
1315 1274 1392 1323 his
1433 1275 1749 1325 nominatiuis
1785 1289 1902 1324 con·

295 1345 505 1395 suetudo
544 1344 789 1395 seruanda
827 1351 916 1394 est.
992 1343 1024 1393 S
1050 1343 1212 1393 littera
1251 1344 1579 1408 praecedente
1603 1345 1642 1394 E
1669 1346 1902 1394 termina·

296 1425 462 1465 torum
488 1415 678 1480 species
704 1420 819 1464 sunt
844 1415 1075 1480 quinque.
1138 1415 1297 1478 prima
1324 1429 1534 1479 quorum
1570 1415 1902 1465 nominatiuus
1956 1431 1978 1472 εἰ*

294 1493 344 1536 et
367 1486 675 1536 accusatiuus
703 1491 750 1534 et
774 1486 1031 1534 uocatiuus
1051 1483 1266 1547 plurales
1291 1483 1473 1534 similes
1498 1491 1626 1542 sunt,
1654 1485 1902 1548 genitiuus
1961 1493 1978 1550 Ξ

293 1555 497 1621 pluralis
522 1557 574 1604 in
599 1567 684 1606 VM
720 1556 817 1604 exit
853 1561 907 1603 ut
943 1554 1245 1604 Hercules
1282 1553 1523 1618 proleS‚
1563 1554 1899 1604 Herculum
1920 1537 1982 1612 εᾶ

293 1642 365 1691 pr
381 1626 556 1675 olum.
622 1625 838 1675 secunda
865 1625 1056 1689 species
1083 1630 1170 1681 est,
1200 1639 1324 1688 quae
1350 1639 1378 1673 a
1403 1625 1658 1689 superiore
1683 1624 1780 1674 hoc
1806 1624 1898 1674 dif-
1954 1618 1973 1681 ,Ϊ

292 1697 388 1746 fert
413 1696 545 1762 quod
571 1696 841 1759 genitiuum
876 1694 1118 1759 pluralem
1150 1695 1200 1744 in
1235 1706 1342 1744 ΝΜ
1379 1693 1627 1758 compellit
1660 1696 1897 1745 accusati·

295 1783 411 1816 uum
449 1769 501 1816 in
536 1778 604 1817 Es
642 1773 698 1816 ut
738 1765 942 1815 nubes
979 1780 1169 1829 rupes
1208 1772 1439 1814 cautes,
1523 1766 1574 1814 in
1608 1780 1700 1829 qua
1738 1764 1898 1814 forma
1962 1772 1973 1810 ι·

292 1837 559 1887 masculina
598 1851 698 1885 non
736 1836 999 1889 habentur.
1072 1836 1241 1892 tertia,
1283 1850 1406 1899 quae
1445 1836 1590 1885 etiam
1616 1836 1658 1883 si
1683 1833 1897 1899 aliquam
1955 1837 1982 1883 f.

290 1910 421 1958 inter
448 1923 500 1958 se
536 1906 721 1957 habent
757 1906 1083 1956 differentiam
1116 1906 1166 1955 in
1194 1904 1534 1962 declinatione,
1572 1912 1738 1955 tamen
1772 1919 1894 1969 quo·
1917 1902 1974 1969 aa?

291 1979 422 2027 niam
459 1980 764 2027 incremento
790 1975 1085 2040 syllabarum
1121 1990 1266 2041 pares
1302 1982 1418 2025 sunt
1451 1977 1501 2024 in
1528 1975 1736 2040 obliquis
1773 1975 1895 2025 casi-

288 2048 407 2105 buS,
458 2049 509 2097 in
558 2062 707 2096 unam
757 2047 971 2109 speciem
1021 2046 1315 2108 rediguntur
1365 2054 1419 2095 ut
1481 2044 1664 2095 Ceres
1718 2045 1898 2109 bipes
1956 2049 1973 2106 ζῇ

288 2132 558 2175 merceS‚
598 2115 866 2166 masculina
892 2122 1055 2166 autem
1083 2115 1305 2179 exempla
1332 2131 1431 2164 non
1457 2122 1572 2165 sunt
1596 2116 1897 2166 nisiGraeca

289 2196 345 2239 ut
393 2187 688 2237 Chremes
735 2186 990 2236 Laches.
1076 2191 1248 2250 quarta
1293 2187 1483 2248 species
1525 2185 1621 2234 hoc
1664 2185 1827 2235 differt
1867 2199 1896 2234 a
1951 2202 1978 2259 j.

288 2257 616 2322 praecedente
652 2255 782 2321 quod
831 2271 922 2321 per
960 2254 1187 2320 obliquos
1226 2271 1367 2305 casus
1403 2255 1442 2304 E
1478 2256 1530 2303 in
1565 2255 1587 2304 I
1626 2254 1890 2319 compellit,
1914 2259 1973 2311 ³⁶}

289 2344 401 2378 cum
428 2328 655 2392 superior
680 2326 720 2376 E
744 2326 958 2376 litteram
992 2332 1182 2376 seruat:
1222 2324 1451 2375 uidelicet
1475 2325 1705 2390 quoniam
1729 2326 1782 2374 in
1806 2339 1895 2375 no·
1954 2326 1975 2371 k

287 2399 524 2449 minatiuo
562 2413 662 2446 non
699 2404 754 2447 ut
790 2397 1045 2462 superiora
1080 2396 1119 2446 E
1155 2395 1436 2460 producunt
1468 2395 1556 2445 sed
1595 2395 1895 2445 contrahunt
1948 2402 1978 2457 ’ζ

287 2476 343 2519 ut
380 2470 613 2535 hospes
659 2467 923 2517 antistes
970 2467 1100 2517 ales
1138 2481 1360 2517 comes,
1436 2467 1604 2531 quinta
1641 2466 1830 2530 species
1865 2479 1895 2514 a

401 2626 430 2664 4
470 2627 516 2664 et
546 2630 644 2664 ante
677 2622 896 2675 analogia
928 2624 1029 2665 add.
1059 2635 1083 2659 r
1132 2617 1150 2674 Η
1200 2622 1226 2661 5
1266 2619 1387 2660 facit
1414 2620 1451 2660 R
1497 2617 1518 2673 [l
1566 2620 1591 2658 6
1634 2630 1787 2659 assum
1807 2618 1896 2660 BR
1952 2623 1977 2676 1,

287 2694 447 2746 corr-:p
496 2676 516 2733 Η
573 2682 623 2719 11
656 2679 995 2744 phytagorasR
1049 2675 1070 2730 {l
1127 2677 1246 2717 licas
1275 2676 1357 2716 BR
1403 2672 1424 2729 U
1472 2675 1804 2728 phitagoraeR
1851 2670 1878 2728 ff}
1951 2678 1977 2751 ᾗ

288 2739 341 2776 12
371 2736 493 2776 heae
514 2735 598 2776 BR
646 2733 665 2788 [1
715 2737 769 2777 13
797 2735 1016 2775 fimuntur
1047 2735 1147 2774 add.
1169 2747 1199 2785 p
1239 2730 1259 2786 ΙΙ
1298 2734 1354 2772 20
1385 2731 1562 2772 ercules
1582 2730 1625 2770 B
1665 2728 1684 2784 ΙΙ
1721 2731 1776 2770 24
1806 2730 1889 2770 ha·
1958 2752 1974 2792 2]

286 2793 453 2831 bentur
472 2793 514 2831 D
552 2792 725 2831 habent
746 2791 827 2830 BR
875 2787 894 2845 Η
944 2792 1003 2834 28,
1035 2788 1282 2830 masculini
1311 2788 1374 2829 Rb
1423 2784 1442 2841 {l
1493 2786 1690 2839 exempli
1718 2783 1800 2827 bR¹
1850 2783 1876 2839 [ι
1954 2782 1978 2844 ³3

283 2849 339 2888 30
376 2860 458 2899 per
488 2847 695 2899 obliquos
725 2847 767 2887 B
814 2843 835 2901 Η
1955 2846 1977 2889 Ξῖ·

1948 2890 1982 2940 ³3.

1928 2944 1982 3230 ἱ
