1982 3230
766 71 956 126 mmm
985 82 1027 125 v
1615 82 1718 136 183

32 214 38 221 ⁵
106 226 265 275 statim
291 239 382 275 nos
409 223 469 274 ad
496 223 654 274 studia
683 224 999 275 conseramus
1026 225 1260 289 priusque
1287 239 1434 290 quam
1462 226 1524 275 sit
1550 224 1716 275 dicen-

105 295 246 352 dum,
284 309 459 345 uocem
493 293 708 344 lectione
744 294 1039 345 coloremus.
1115 309 1208 344 nec
1247 294 1309 345 ab
1335 294 1473 344 initio
1500 294 1716 345 claman-
1748 310 1832 352 542

105 366 219 414 dum
248 366 333 415 sed
360 365 493 415 tenui
529 379 785 414 murmure
809 364 1163 421 inchoandum,
1200 380 1297 430 quo
1326 367 1509 416 sensim
1539 381 1717 416 uocem

104 437 262 499 possis
298 435 489 486 efferre.
565 435 625 484 ad
653 435 920 484 curandam
958 442 1122 485 autem
1149 450 1324 484 uocem
1351 434 1576 500 plerique
1603 451 1717 502 per-

59 524 81 556 5
108 508 264 555 tinere
291 506 533 563 dixerunt,
570 510 626 554 ut
656 506 884 555 sedentes
920 506 1244 570 paucissimos
1289 520 1466 555 uersus
1500 506 1633 556 lenta
1670 513 1719 557 et

103 578 243 638 graui
268 576 526 639 proferant
551 591 692 632 uoce,
722 576 900 625 deinde
926 591 1016 640 per
1044 574 1228 639 gradus
1254 574 1487 639 paulatim
1525 580 1719 640 erigant

102 660 293 702 sonum,
316 660 406 710 per
427 646 727 709 eosdemque
746 646 929 708 gradus
955 645 1273 708 recolligatur
1293 646 1464 702 oratio,
1493 660 1592 709 quo
1612 648 1718 697 sine

101 715 280 764 damno
327 716 387 765 ad
435 731 661 766 murmur
696 731 852 780 usque
899 718 1173 780 perueniat.
1249 714 1417 765 uultus
1460 731 1582 766 uero
1622 733 1716 782 pro
1748 726 1830 767 543

101 788 371 836 sententiae
398 786 632 849 dignitate
666 787 888 836 mutandi
922 793 1036 836 sunt
1061 787 1148 836 sed
1183 801 1282 836 non
1309 787 1398 843 ita,
1437 793 1491 836 ut
1516 787 1714 837 histrio-

36 874 78 908 ιο
101 855 245 905 nibus
271 872 379 906 mos
406 863 494 914 est,
522 858 605 922 qui
630 872 717 906 ora
743 858 1020 923 torquendo
1047 856 1280 907 ridiculos
1306 862 1468 906 motus
1489 863 1716 921 spectan-

100 925 232 976 tibus
266 932 535 991 praestant.
609 928 930 990 significanda
968 929 1125 983 enim,
1163 943 1261 976 non
1298 928 1563 991 spectanda
1604 935 1718 978 sunt

98 998 215 1053 ista,
255 1012 380 1061 quae
407 998 533 1047 actio
560 996 826 1063 uultusque
864 998 1191 1048 commendat.
1268 997 1353 1046 sed
1379 997 1638 1048 oculorum
1664 1001 1715 1048 in

99 1066 193 1115 hac
227 1074 369 1130 parte
403 1082 578 1132 magna
606 1068 880 1117 moderatio
917 1075 1012 1125 est,
1052 1070 1135 1132 qui
1169 1077 1272 1117 tum
1301 1067 1573 1126 hilaritate,
1612 1077 1715 1118 tum

99 1137 395 1194 intentione,
432 1144 536 1187 tum
572 1140 751 1188 minaci
794 1145 1057 1189 mouentur
1083 1145 1299 1204 aspectu,
1376 1153 1469 1187 nec
1508 1140 1715 1189 nimium

37 1225 79 1259 15
102 1207 414 1270 grauioribus
451 1208 724 1273 superciliis
747 1209 1017 1290 ffptemendi
1052 1216 1137 1258 aut
1171 1208 1465 1272 petentibus
1500 1209 1715 1260 frontem

100 1276 319 1327 nudandi
344 1284 459 1327 sunt
484 1277 637 1335 oculi,
666 1279 796 1343 quod
833 1281 883 1328 in
910 1280 1088 1329 Pisone
1114 1277 1303 1328 Tullius
1330 1293 1497 1328 amare
1525 1281 1715 1344 uitupe-

99 1353 192 1397 rat.
266 1362 358 1397 nec
383 1347 578 1398 mollius
611 1349 823 1412 agitandi
860 1356 976 1400 sunt
1002 1355 1168 1414 gestus
1195 1355 1278 1398 aut
1311 1348 1618 1399 muliebriter
1643 1350 1713 1400 la-

99 1424 204 1468 tera
231 1417 515 1468 deducenda
544 1424 674 1469 sunt'.
750 1435 843 1470 nec
867 1420 1091 1470 iactanda
1118 1419 1408 1469 deformiter
1435 1422 1623 1478 ceruix,
1651 1436 1713 1470 ne

98 1490 149 1537 in
167 1487 275 1537 illas
287 1489 538 1539 Hortensii
558 1490 828 1540 deducatur
848 1490 1141 1547 inlecebraS,
1165 1490 1344 1556 quibus
1371 1492 1462 1540 etsi
1487 1497 1712 1548 uenuste,
1737 1501 1867 1542 1796

34 1578 79 1610 20
100 1567 267 1608 tamen
309 1574 409 1608 non
454 1560 715 1610 uidebatur
761 1562 832 1611 uti
869 1561 1092 1611 uiriliter.
1169 1561 1230 1611 ad
1263 1576 1509 1611 summam
1548 1568 1714 1626 gestus

99 1644 199 1678 non
225 1630 266 1678 is
292 1632 477 1680 oratori
503 1631 747 1681 tenendus
775 1637 864 1688 est,
894 1647 992 1697 quo
1019 1647 1226 1681 scaenae
1253 1630 1451 1695 placere
1478 1632 1711 1691 uidentur

99 1706 307 1750 actores.
382 1715 556 1750 manus
581 1703 630 1750 in
658 1702 1052 1752 contentionibus
1079 1703 1183 1751 fusa
1210 1703 1504 1766 porrectius,
1531 1704 1583 1750 in
1609 1717 1714 1752 ser-

99 1771 426 1820 mocinatione
451 1771 531 1821 uel
553 1773 834 1822 narratione
863 1778 1130 1828 contracta,
1158 1772 1523 1836 praecipueque
1550 1774 1599 1821 in
1621 1772 1713 1822 hac

100 1847 241 1904 parte
267 1842 621 1905 praestandum
648 1848 723 1891 est
748 1848 802 1891 ut
827 1842 1035 1892 deceant
1060 1850 1251 1899 cuncta,
1293 1842 1423 1906 quod
1450 1843 1710 1906 prudentia

35 1926 78 1959 25
102 1913 256 1974 magis
283 1926 429 1975 quam
455 1911 553 1961 ulla
581 1914 943 1976 praeceptionis
968 1913 1115 1962 huius
1141 1919 1246 1962 arte
1273 1918 1518 1962 seruatur.

23 1979 25 1981 ’
241 1981 344 2030 lam
388 1996 520 2031 nunc
558 1982 679 2032 ordo
717 1983 950 2032 admonet
995 1984 1353 2047 promissorum
1398 1989 1451 2032 ut
1485 1995 1708 2035 PARTES
1741 1998 1825 2038 544

101 2062 414 2102 ORATIONIS
452 2051 734 2109 excurram,
772 2068 892 2119 quas
917 2052 1151 2120 <quidam
1188 2052 1414 2103 subtilius
1449 2053 1594 2111 duas,
1634 2053 1714 2103 alii

101 2123 331 2186 quinque,
360 2137 459 2171 non
485 2122 607 2172 nulli
640 2122 810 2187 plures
838 2139 944 2174 esse
971 2125 1214 2174 dixerunt.
1291 2125 1373 2188 qui
1399 2132 1563 2174 autem
1591 2124 1713 2175 duas

100 2198 340 2251 asserunt,
367 2207 517 2242 unam
537 2209 632 2258 qua
653 2193 890 2244 docemus
914 2194 1117 2252 iudiceS‚
1147 2194 1290 2244 aliam
1312 2210 1407 2259 qua
1434 2210 1710 2251 monemus,

35 2277 78 2310 30
100 2262 385 2319 aduertunt,
425 2265 546 2313 etin
583 2264 808 2313 docendo
843 2270 943 2315 tam
979 2266 1313 2314 narrationem
1349 2280 1495 2329 quam
1532 2267 1711 2314 confir-

99 2334 364 2382 mationem
402 2334 555 2396 partis
597 2333 908 2393 adscribunt,
954 2336 1004 2384 in
1043 2335 1290 2385 mouendo
1335 2340 1497 2384 autem
1533 2350 1711 2399 prooe-

216 2474 267 2512 16
299 2474 346 2512 in
367 2473 461 2515 Pis.
484 2473 508 2521 ἓ
533 2474 585 2513 14
614 2486 658 2526 p.
684 2473 802 2514 Sest.
826 2475 850 2524 ἕ
875 2476 926 2515 19
975 2471 994 2529 ΙΙ
1043 2477 1098 2517 20
1129 2476 1188 2516 cf.
1215 2475 1313 2516 Cic.
1335 2476 1464 2515 Brut.
1488 2476 1512 2524 ἕ
1535 2477 1618 2516 303

212 2614 238 2653 2
271 2612 471 2653 colemus
496 2613 667 2653 Grotius
700 2609 720 2666 [l
758 2616 783 2654 3
816 2626 905 2664 quo
928 2614 1098 2654 sensim
1117 2617 1275 2667 scripsi
1304 2627 1426 2666 quae
1447 2615 1495 2654 in
1516 2614 1711 2655 similem

100 2669 182 2710 BR
213 2681 300 2721 quo
330 2669 378 2708 in
409 2668 603 2709 similem
634 2669 683 2709 br
722 2665 741 2722 ΙΙ
780 2671 805 2710 5
835 2673 887 2709 ut
916 2683 995 2710 om.
1016 2669 1076 2709 B¹
1126 2667 1145 2723 ΙΙ
1196 2672 1248 2779 1Ι8
1278 2683 1365 2711 nec
1396 2671 1444 2710 in
1472 2670 1579 2711 illas
1611 2668 1680 2726 bl

102 2726 156 2765 21
186 2725 257 2775 his
288 2724 330 2764 B
368 2722 387 2779 Ι]
426 2727 480 2766 23
513 2729 754 2765 contracta
775 2725 817 2764 B
837 2739 951 2766 corr.
975 2739 997 2765 e
1021 2723 1337 2780 contra124
1367 2726 1534 2768 deceat
1554 2727 1635 2767 BR

101 2782 156 2820 26
206 2771 435 2822 ammonet
462 2780 521 2821 B¹
563 2782 852 2822 ammonetR
916 2778 937 2834 ll
1005 2783 1059 2823 28
1097 2782 1308 2823 nonnulli
1337 2782 1378 2822 E
1422 2795 1515 2824 non
1542 2783 1626 2824 BD
1674 2727 1693 2838 ΙΙ

100 2837 154 2878 31
184 2840 343 2890 partes
373 2837 397 2878 b
445 2834 465 2891 ΙΙ
