1982 3230
206 0 225 28 ’ν
280 0 403 32 *Ui
510 0 581 21 „st-:W
648 4 650 6 v
670 0 775 36 3323
795 0 1032 37 :ngj-13⁴
1066 30 1072 38 κ
1198 0 1231 26 ,νὴ
1255 0 1300 26 ⁷2⁴2
1390 0 1433 21 :⁵1⁴⁴
1443 0 1486 16 :aq
1516 0 1571 21 -·...;

263 31 272 42 *2
379 37 382 41 ,
483 35 486 38 ⁴
717 32 736 38 ,ν
813 32 818 36 ,
1042 35 1048 45 ,
1482 34 1486 38 .

242 87 346 141 168
458 115 462 119 -
718 76 1018 131 MARTIANI
1038 51 1371 144 caminum

1933 191 1956 216 ’ἱ

243 228 530 293 ποιότητας
593 239 958 289 QVALITATES
1011 243 1118 279 esse
1181 230 1435 288 dixerunt,
1489 232 1620 296 quod
1665 247 1876 284 nomen·

92 314 222 355 1666*
242 315 508 364 numquam
542 299 705 348 fuerat
727 298 782 348 in
809 299 1018 355 Latinis,
1048 313 1144 364 quo
1172 306 1220 349 et
1244 301 1446 351 auribus
1471 304 1845 366 temperandum

131 524 211 563 511

135 971 217 1010 512

245 377 291 419 et
315 369 574 418 insolentia
599 368 846 432 fugienda.
924 383 1070 433 quam
1102 370 1263 419 uitans
1290 371 1461 421 Cicero
1502 377 1718 423 soterem
1744 373 1844 423 sal-

242 445 464 489 uatorem
491 438 648 488 noluit
673 440 930 488 nominare
955 439 1038 488 sed
1067 441 1135 488 ait
1160 442 1262 505 ‘qui
1287 440 1491 491 salutem
1518 442 1686 493 dedit'.
1724 441 1844 493 illud

246 510 374 558 enim
402 509 549 557 nimis
573 508 791 558 insolens
817 509 1092 558 uidebatur.
1170 510 1475 561 deriuatione
1501 527 1697 577 quoque
1722 513 1846 563 fiunt
1890 524 1914 557 5
1959 523 1967 539 '⁴

245 579 429 636 uerba,
457 594 583 644 quae
609 580 913 641 grammatici
937 591 1257 630 PARAGOGA
1283 583 1613 647 nominarunt,
1643 590 1697 631 ut
1723 583 1841 631 dici·
1955 578 1958 579 ⁷

244 664 354 699 mus
391 649 563 698 ‘florea
598 653 736 698 rura'
774 657 820 699 et
866 652 1144 714 ‘campique
1177 652 1402 714 ingentes
1437 652 1630 701 ossibus
1666 651 1848 702 albent'

247 718 379 783 quod
406 721 522 768 satis
549 720 712 783 crispa
736 719 947 768 flexione
987 719 1217 769 Horatius
1253 720 1530 770 albicant
1563 723 1696 772 dicit.
1773 722 1848 770 his
1964 718 1980 763 ῗ

245 788 537 853 plerumque
551 789 748 838 Poetice
773 791 928 838 utitur
955 789 1067 839 licet
1090 790 1277 839 Tullius
1304 791 1630 852 ‘grandiferas
1657 806 1849 855 posses·

248 861 430 908 siones'
458 859 586 908 dicat
613 865 661 908 et
687 859 1061 925 ‘grandiloquos
1086 865 1343 909 oratores'.
1875 875 1919 905 10
1962 862 1982 931 [7

389 957 514 1005 Huic
549 957 827 1020 diligentiae
875 957 1187 1020 subiungitur
1223 969 1691 1009 TRANSLATORVM
1732 974 1850 1008 cura

246 1038 566 1076 VERBORVM
607 1043 718 1076 cum
754 1042 834 1076 res
861 1034 943 1076 aut
975 1043 1062 1076 sua
1089 1043 1189 1076 non
1225 1029 1412 1076 inuenit
1436 1029 1589 1078 uerba
1629 1036 1713 1078 aut
1741 1044 1851 1078 cum

246 1096 477 1146 uolumus
512 1097 816 1160 splendidius
852 1096 1032 1161 aliquid
1072 1097 1318 1160 explicari.
1395 1111 1512 1160 ergo
1552 1104 1635 1146 aut
1658 1100 1853 1163 inopiae

249 1173 330 1215 aut
377 1167 570 1216 decoris
619 1182 766 1216 causa
813 1167 1203 1216 transferuntur:
1243 1168 1436 1231 inopiae
1486 1183 1597 1216 cum
1647 1168 1854 1217 dicimus
1891 1220 1894 1223 ,

248 1239 520 1300 ‘gemmare
556 1239 726 1286 uitem’
765 1243 812 1286 et
847 1237 1115 1286 ‘luxuriare
1157 1241 1367 1299 segetes'
1403 1237 1704 1302 laetasque
1738 1253 1851 1301 per·
1877 1250 1922 1282 15
1975 1246 1982 1278 J

247 1306 491 1355 bibemus.
593 1308 769 1356 desunt
819 1309 949 1355 enim
1010 1308 1207 1370 propria
1262 1313 1309 1355 et
1359 1307 1692 1356 commoditati
1742 1313 1856 1356 sunt

251 1377 414 1425 ascita.
473 1377 666 1425 decoris
703 1392 825 1426 uero
852 1383 906 1425 ut
932 1376 1135 1426 ‘bellum
1163 1376 1324 1425 subito
1353 1378 1566 1426 exarsit'.
1627 1393 1739 1426 cum
1765 1392 1851 1442 po-

249 1447 398 1494 tuerit
436 1447 529 1495 dici
563 1448 788 1495 extitit.
865 1452 911 1494 et
936 1447 1052 1494 item
1091 1461 1353 1510 possumus
1388 1446 1448 1495 ab
1489 1446 1718 1495 omnibus
1743 1461 1853 1495 sen·

250 1516 387 1564 sibus
413 1518 625 1564 mutuari
651 1524 703 1564 ut
724 1516 784 1565 ab
809 1515 962 1564 oculis
989 1516 1116 1564 eluce
1142 1516 1384 1564 libertatis
1407 1522 1454 1564 et
1474 1517 1627 1565 odore
1653 1515 1852 1578 legum'‚

252 1592 300 1634 et
341 1586 505 1635 ‘silent
539 1585 676 1648 leges
714 1588 841 1634 inter
887 1593 1042 1634 arma>
1079 1592 1126 1634 ct
1161 1601 1184 1633 a
1225 1593 1371 1649 gustu
1408 1590 1455 1633 ‘o
1496 1601 1675 1634 nomen
1712 1585 1853 1634 dulce
1877 1599 1921 1630 20

251 1655 524 1704 libertatis'.
600 1671 776 1704 uerum
813 1653 912 1703 n'on
952 1655 1099 1705 debet
1133 1655 1256 1704 haec
1289 1654 1637 1704 translatorum
1674 1655 1855 1704 alieno-

252 1741 463 1789 rumque
507 1725 779 1775 uerhorum
816 1726 1075 1774 adfectatio
1123 1727 1228 1773 sine
1271 1725 1608 1774 moderatione
1654 1726 1854 1788 captari.

252 1810 345 1843 nec
382 1795 528 1858 longe
563 1797 712 1859 petita
751 1795 932 1845 debent
959 1811 1067 1844 esse
1092 1794 1325 1844 translata
1352 1801 1406 1844 ut
1434 1796 1474 1843 si
1501 1795 1634 1843 dicas
1659 1794 1855 1860 <‘luxu-

254 1867 435 1914 riosam
463 1865 794 1931 Charybdim'.
852 1866 1106 1914 uitandum
1147 1880 1343 1929 quoque
1370 1879 1432 1913 ne
1457 1866 1622 1928 turpis·
1640 1865 1700 1912 sit
1726 1865 1856 1914 simi-

254 1935 470 1984 litudinis
506 1938 786 2000 usurpatio,
822 1942 876 1984 ut
902 1937 942 1984 si
969 1936 1100 1984 dicas
1138 1939 1417 1984 ‘castratam
1446 1935 1662 1983 Africani
1699 1939 1856 1983 morte
1879 1946 1923 1978 25

254 2020 360 2054 rem
405 2005 671 2070 publicam'
716 2013 800 2054 aut
848 2004 1090 2054 ‘Clodium
1135 2011 1326 2054 stercus
1366 2008 1597 2054 senatus’.
1672 2005 1721 2052 in
1764 2004 1860 2052 hoc

370 2188 391 2225 1
433 2185 528 2226 Cic.
551 2186 694 2226 Acad.
719 2187 742 2226 I
771 2187 794 2235 ξ
825 2187 878 2226 25
919 2183 937 2238 Η
975 2188 1002 2226 4
1032 2187 1161 2226 Verr.
1186 2185 1231 2225 II
1260 2187 1283 2234 ξ
1308 2187 1389 2225 154
1426 2182 1445 2238 Η
1485 2188 1509 2225 7
1540 2186 1677 2238 Verg.
1699 2184 1815 2228 Aen.
1837 2185 1859 2224 Ι

252 2243 337 2282 430
359 2245 405 2282 et
426 2243 515 2282 XII
536 2244 589 2282 36
629 2239 647 2295 Η
686 2244 712 2282 e
744 2241 938 2283 Carm.1
958 2243 1002 2292 4,
1023 2244 1050 2280 4
1089 2238 1107 2295 Η
1154 2243 1179 2281 9
1210 2241 1330 2280 Phil.
1354 2242 1399 2280 11
1421 2241 1445 2289 ς
1470 2242 1547 2280 101
1589 2238 1607 2293 [1
1648 2242 1700 2280 10
1727 2239 1857 2279 Orat.

257 2298 280 2346 ξ
303 2299 371 2340 20.
415 2298 550 2338 Tusc.
575 2299 613 2338 V
634 2300 658 2347 ξ
680 2300 733 2338 29
773 2294 792 2351 Η
834 2300 883 2337 19
917 2297 1014 2337 Cic.
1037 2299 1166 2338 Verr.
1190 2297 1229 2336 V
1250 2297 1274 2345 ξ
1299 2297 1379 2336 160
1418 2293 1437 2349 Η
1476 2298 1529 2335 20
1559 2310 1600 2347 p.
1624 2294 1721 2337 Mil.
1744 2295 1769 2344 ξ
1793 2297 1859 2335 10.

256 2354 386 2393 Verr.
409 2354 449 2394 V
470 2354 494 2402 ξ
518 2356 598 2394 163
638 2351 656 2407 Η
703 2356 756 2394 25
791 2367 845 2393 ex
868 2353 963 2394 Cic.
988 2354 1042 2393 de
1065 2352 1194 2394 Orat.
1216 2353 1287 2392 III
1309 2353 1332 2401 ξ
1355 2353 1437 2391 164

372 2511 393 2547 1
433 2497 798 2549 HOIOTHTaC
830 2508 1027 2546 Halmius
1071 2508 1290 2558 poeoteta
1318 2505 1401 2544 BR
1463 2501 1482 2558 Η
1545 2506 1570 2543 2
1610 2515 1696 2555 quo
1727 2501 1860 2542 modo

259 2568 305 2602 et
335 2563 358 2602 b
399 2561 416 2617 Η
455 2566 482 2604 4
514 2564 593 2605 sed
613 2564 655 2603 B
687 2567 733 2603 et
754 2564 789 2603 R
827 2559 846 2616 Η
896 2565 921 2603 5
951 2562 1228 2602 diriuatione
1250 2562 1289 2601 R
1327 2558 1346 2614 Η
1385 2562 1410 2601 9
1441 2561 1622 2613 poetice
1657 2559 1862 2599 Christius

259 2622 558 2672 grammatice
588 2619 670 2659 BR
718 2616 736 2672 Η
782 2621 839 2659 10
879 2618 1169 2671 grandilocos
1198 2616 1257 2656 B¹
1308 2613 1327 2670 Η
1380 2618 1433 2655 14
1471 2615 1808 2655 transferuntur
1835 2613 1861 2652 b

254 2675 508 2716 transferre
526 2676 608 2716 BR
645 2672 664 2728 Η
704 2676 756 2715 16
789 2674 1100 2714 commoditati
1120 2676 1224 2713 sunt
1244 2674 1444 2727 Halmius·
1469 2669 1796 2711 commodatius
1817 2668 1863 2707 B

259 2728 358 2782 (sed
378 2745 404 2772 a
421 2734 515 2775 ead.
539 2746 590 2772 m.
613 2733 657 2771 in
678 2732 694 2770 i
715 2730 853 2779 corr.)
876 2730 1185 2770 commodatus
1207 2730 1245 2768 R
1275 2727 1637 2778 (commodantus
1657 2723 1793 2776 corr.)
1824 2720 1844 2776 Η

260 2789 311 2826 17
345 2789 582 2897 associati?
604 2787 627 2826 b
667 2783 685 2840 Η
728 2788 779 2827 19
811 2786 920 2827 odor
950 2786 1030 2825 BR
1069 2782 1086 2837 Η
1126 2787 1180 2824 20
1211 2798 1236 2824 o
1269 2787 1309 2824 in
1330 2784 1556 2823 Berasum
1593 2777 1612 2833 Η
1651 2782 1704 2820 23
1736 2779 1863 2819 luxo-

279 2842 426 2883 iosum
446 2842 505 2883 B1
