1982 3230
16 152 39 188 ’κ

20 247 33 292 ς
119 228 192 272 est
217 237 277 272 ex
305 221 461 272 triade
487 221 572 286 qui
597 235 702 270 mas
729 221 861 285 quod
888 222 1030 285 inpar
1057 226 1132 271 est
1166 234 1404 270 numerus
1429 218 1657 276 habetur,
1687 225 1737 269 et

119 292 275 358 dyade
300 307 427 359 quae
451 292 634 342 femina
668 293 900 355 paritate:
939 306 1052 341 nam
1080 291 1158 341 bis
1184 292 1314 341 terni
1348 305 1434 341 sex
1460 290 1590 340 facit.
1655 304 1736 339 so·

117 361 215 414 lida
252 363 399 414 etiam
433 362 591 426 figura
629 362 858 425 quadrati
896 377 981 412 sex
1018 362 1305 426 superficies
1340 361 1507 411 habet.
1581 362 1734 411 totius

118 433 406 484 harmoniae
430 433 537 482 toni
572 438 688 482 sunt
713 447 798 481 sex
824 431 874 481 id
902 438 976 481 est
1002 434 1218 498 quinque
1245 434 1348 482 toni
1375 441 1423 482 et
1449 432 1546 482 duo
1573 431 1730 482 hemi·

74 517 95 550 5
119 506 266 556 tonia.
340 504 469 554 idem
497 518 586 568 per
612 504 828 568 primum
854 508 1042 552 motum
1068 503 1163 552 hoc
1190 508 1264 552 est
1290 503 1497 567 dyadem
1525 501 1732 552 collatus
1763 513 1847 555 737

117 575 376 625 duodecim
402 574 531 632 facit,
558 575 688 623 inter
715 588 840 638 quos
866 573 990 624 duos
1027 588 1264 623 numeros
1291 573 1388 622 duo
1416 573 1562 622 medii
1591 575 1734 623 inue-

117 646 319 695 niuntur
346 644 393 694 id
420 650 495 695 est
534 648 646 694 octo
675 650 723 694 et
748 659 945 694 nouem.
1022 658 1235 709 quorum
1262 659 1391 693 unus
1419 659 1478 693 ex
1505 658 1616 693 meo
1643 659 1733 693 no-

115 717 248 765 mine
284 714 556 781 regulaque
592 720 848 765 censetur:
897 729 1013 764 nam
1050 714 1389 765 arithmeticus
1426 719 1733 764 memoratur

115 786 164 836 id
192 792 267 836 est
291 787 614 836 nouenarius:
657 786 830 836 eodem
859 787 991 835 enim
1017 800 1227 836 numero
1254 790 1518 850 superatur
1556 800 1582 834 a
1610 784 1734 834 duo-

50 870 92 903 10
114 856 274 907 decim
301 862 420 923 quot
444 858 665 907 numeris
690 862 891 922 superat
915 857 1166 907 senarium
1192 856 1242 906 id
1269 862 1342 906 est
1368 855 1544 906 tribus.
1609 854 1732 905 alius

115 934 279 979 autem
318 943 580 984 numerus,
629 928 678 977 id
721 934 793 977 est
829 932 966 984 octe,
1006 929 1191 977 musica
1228 930 1420 977 ratione
1457 927 1728 976 confertur.
1748 936 1888 977 2416

81 991 171 1049 ⁴ea
210 1000 340 1048 enim
374 1004 515 1062 parte
559 1005 823 1063 superatur
862 1014 888 1047 a
935 998 1198 1049 duodecim
1236 1013 1331 1063 qua
1378 1000 1486 1064 ipse
1531 1003 1734 1063 superat

114 1075 324 1125 sextum,
353 1070 403 1118 id
419 1074 493 1118 est
506 1071 673 1119 tertia:
705 1085 817 1118 nam
845 1070 969 1118 sexti
995 1071 1136 1119 tertia
1165 1069 1262 1119 duo
1290 1074 1419 1125 sunt,
1450 1068 1731 1119 duodecimi

114 1139 294 1206 <tertia
335 1145 583 1205 quattuor.
657 1140 789 1205 quod
835 1141 1137 1204 geometrica
1187 1140 1378 1189 ratione
1416 1140 1727 1204 conponitur.

50 1222 91 1253 15
115 1225 171 1260 ea
209 1211 340 1260 enim
375 1215 582 1276 possunt
616 1226 706 1275 per
732 1209 1040 1260 collationem
1077 1211 1265 1267 media,
1304 1211 1354 1259 id
1382 1216 1457 1259 est
1492 1216 1602 1259 octo
1639 1225 1731 1275 per

115 1295 310 1337 nouem,
340 1296 465 1345 quae
491 1286 724 1335 extrema,
754 1281 800 1330 id
830 1286 903 1330 est
920 1296 1006 1330 sex
1029 1296 1117 1345 per
1139 1281 1426 1330 duodecim:
1457 1295 1570 1329 nam
1594 1286 1727 1329 utra-

115 1367 210 1416 que
238 1351 425 1400 I'aciunt
449 1352 757 1416 septuaginta
785 1351 897 1401 duo,
963 1353 1077 1401 item
1106 1358 1155 1401 et
1178 1353 1230 1400 in
1257 1350 1528 1401 maioribus
1554 1366 1728 1415 nume-

112 1423 181 1471 ris
206 1421 367 1471 media
404 1427 740 1472 extremorum
777 1422 1052 1472 rationibus
1079 1429 1430 1486 conponuntur
1469 1422 1560 1471 sub
1588 1437 1729 1486 prae-

114 1492 245 1542 dicta
296 1494 488 1542 senarIa
537 1494 745 1542 ratione.
780 1516 782 1518 ·
820 1507 933 1542 nam
982 1494 1142 1543 sexies
1187 1493 1359 1542 LXXII
1413 1492 1724 1559 [dipondius]

48 1575 91 1608 20
113 1563 230 1612 facit
266 1563 649 1628 quadringentos
698 1562 872 1613 XXXII
912 1562 1254 1630 [dipondius]:
1302 1565 1528 1613 similiter
1574 1565 1729 1613 octies

112 1633 284 1683 LXXII
312 1631 622 1700 [dipondius]
653 1635 951 1699 quingentos
975 1636 1283 1699 septuaginta
1312 1650 1414 1685 sex,
1490 1636 1609 1683 item
1638 1649 1725 1683 no-

111 1704 217 1753 uies
244 1703 415 1754 LXXII
442 1704 627 1754 faciunt
653 1712 905 1754 sescentos
943 1706 1266 1770 quadraginta
1295 1710 1422 1754 octo,
1500 1703 1729 1754 similiter

113 1774 380 1824 duodecies
416 1775 604 1825 faciunt
642 1777 950 1838 octIngentos
985 1776 1173 1825 LXIIII.
1250 1790 1375 1839 quae
1410 1776 1572 1826 media
1600 1776 1728 1824 inter

113 1859 166 1894 se
211 1844 531 1910 multiplicata
576 1846 790 1895 reddunt
832 1861 1068 1896 numeros
1115 1852 1453 1896 extremorum
1498 1848 1626 1895 inter
1673 1861 1727 1895 se

46 1927 89 1959 25
113 1916 528 1965 conuenientium.
606 1917 686 1966 hic
731 1919 921 1980 primus
967 1932 1205 1967 numerus
1253 1915 1322 1986 [id
1369 1925 1440 1967 est
1474 1915 1723 1982 senarius]

755 79 944 122 LmER
973 78 1062 122 vn
1627 75 1732 128 261

225 2115 250 2153 2
281 2112 416 2153 diade
450 2113 528 2154 BR
576 2111 595 2168 Π
645 2114 820 2155 femina
847 2115 890 2154 B
921 2115 1091 2155 femine
1123 2116 1160 2156 R
1191 2115 1417 2156 feminina
1446 2116 1469 2156 b
1510 2113 1529 2170 Η
1577 2117 1725 2157 ternis

111 2165 198 2209 B¹r
260 2166 279 2223 Η
347 2181 428 2210 sex
467 2171 586 2210 facit
623 2173 783 2224 scripsi
831 2184 911 2212 sex
949 2172 1021 2212 his
1062 2172 1182 2212 facit
1210 2173 1249 2212 R.
1296 2173 1417 2213 sexis
1448 2173 1568 2213 facit
1597 2173 1639 2212 B
1689 2170 1707 2227 Η

110 2228 136 2266 3
168 2226 403 2278 quadratis
432 2224 534 2267 B¹R
572 2224 591 2281 Η
641 2241 697 2268 ex
727 2228 809 2268 BR
839 2240 921 2268 sex
952 2229 1002 2268 br·
1049 2225 1067 2281 [Ι
1116 2230 1143 2269 4
1174 2230 1410 2269 armoniae
1432 2229 1515 2270 BR
1554 2226 1574 2283 11
1615 2233 1726 2269 emi-

109 2282 239 2322 tonia
260 2281 342 2322 BR
391 2279 410 2337 ΙΙ
459 2284 484 2323 6
515 2285 790 2325 numerusR
838 2281 856 2339 ΙΙ
905 2284 1025 2324 medi
1047 2283 1104 2325 B¹
1147 2283 1165 2340 Η
1206 2288 1229 2326 7
1263 2298 1315 2325 eo
1340 2285 1439 2326 B¹R
1487 2282 1506 2339 [Ι
1555 2289 1582 2326 8
1615 2286 1724 2325 arit-

109 2338 307 2379 metieus
327 2338 428 2379 B'R
465 2336 470 2393 Ι
527 2342 578 2381 10
610 2340 727 2394 quod
747 2341 828 2382 BR
860 2354 946 2394 quo
969 2341 992 2381 b
1031 2338 1051 2396 H
1090 2342 1289 2382 numeris
1307 2342 1386 2382 BR
1414 2355 1603 2382 numero
1625 2342 1649 2382 b
1687 2339 1708 2396 Η

112 2395 164 2434 15
194 2394 241 2434 id
271 2407 348 2434 om.
371 2393 430 2433 B¹
491 2392 498 2449 Ι
549 2397 598 2437 17
633 2394 821 2450 facitlB
869 2394 888 2452 Η
940 2401 985 2437 et
1013 2413 1090 2440 om.
1122 2399 1161 2437 D
1221 2395 1239 2451 ΙΙ
1284 2401 1334 2438 19
1366 2398 1541 2438 LXXII
1568 2399 1731 2451 scripsi

111 2456 152 2491 et
172 2451 239 2490 hic
261 2455 303 2490 ct
329 2457 482 2502 postea
503 2452 679 2505 Koppio
701 2455 922 2495 obsecutus
961 2454 1231 2508 septuagies
1254 2456 1277 2495 b
1310 2459 1560 2508 septuages
1584 2454 1625 2494 B
1655 2467 1727 2495 se-

107 2509 378 2560 ptuagesies
407 2507 448 2546 D
506 2504 524 2562 [Ι
589 2510 641 2549 19
673 2515 715 2549 et
744 2511 799 2551 20
828 2516 870 2550 et
897 2512 949 2550 21
983 2510 1225 2563 dipondius
1255 2513 1412 2552 deleuit
1439 2512 1640 2564 Koppz‘us
1687 2508 1707 2565 ΙΙ

109 2564 164 2603 20
195 2562 537 2617 quadringenta
568 2563 614 2616 (a
641 2566 686 2605 in
713 2565 821 2616 ras.)
851 2565 893 2605 B
942 2563 962 2619 ss
1016 2567 1192 2607 XXXII
1220 2569 1380 2620 scripsi
1414 2571 1508 2608 tres
1530 2569 1571 2607 D
1610 2568 1724 2608 tries

110 2617 182 2660 dB
219 2616 243 2673 ss
284 2620 490 2673 octogies
518 2619 621 2661 B¹D
668 2618 687 2674 Π
734 2624 786 2662 21
819 2622 993 2662 LXXII
1012 2624 1171 2675 scripsi
1212 2624 1483 2677 seqtuagies
1516 2621 1721 2677 (septua-

111 2675 264 2728 gesies
292 2675 351 2727 D)
385 2676 628 2729 dipondius
659 2678 742 2718 BD
802 2675 821 2733 Η
881 2680 1159 2732 quingentos
1183 2681 1222 2719 D
1254 2681 1496 2733 quingenti
1517 2679 1560 2719 B
1591 2682 1721 2732 quin-

110 2735 254 2784 genta
284 2733 308 2772 b
357 2728 376 2787 ΙΙ
428 2735 481 2774 22
513 2734 600 2775 duo
631 2736 671 2774 D
719 2732 739 2788 Η
790 2739 1033 2776 sexcentos
1063 2736 1085 2775 b
1126 2732 1145 2789 Η
1183 2736 1445 2778 XLVIIIB
1482 2734 1501 2791 Η
1541 2739 1595 2779 23
1624 2742 1723 2790 post

110 2786 357 2829 duodecies
388 2790 489 2830 add.
522 2794 739 2845 septages
769 2791 990 2845 dipondifi
1016 2793 1052 2832 D
1086 2793 1167 2833 sed
1196 2793 1371 2834 LXXII
1399 2797 1441 2834 in
1463 2793 1505 2833 B
1532 2795 1725 2835 omissum

105 2843 237 2895 facile
258 2846 429 2886 auditur
466 2842 486 2901 Η
524 2849 578 2888 25
609 2847 655 2887 id
687 2851 756 2888 est
786 2850 997 2889 senarius
1027 2850 1109 2889 del.
1136 2849 1306 2890 Grotius
1344 2846 1362 2903 ΙΙ
