1982 3230
219 79 224 85 ‘
318 90 477 132 Lvm
539 88 891 132 PRAEFATm
922 91 989 132 IN
1018 89 1384 133 MAR‘rrANVM
1413 73 1747 134 cAPEL'LAM

320 215 460 280 ὁμοῦ
497 215 596 280 τὴν
634 214 831 267 ἄποιον
872 213 1056 268 οὐςίαν
1080 255 1231 267 ......
1254 214 1593 280 ὑποςτάθμην
1619 217 1680 269 δὲ
1704 214 1930 271 πάντων

320 299 417 362 τὴν
455 302 557 363 γῆν
593 298 754 363 μέςην
790 298 1051 354 ἁπάντων
1084 299 1267 354 οὖςαν.
1343 316 1468 366 quae
1502 307 1667 352 autem
1701 309 1937 354 secuntur

320 387 637 449 ‘quamquam
663 383 961 436 auscultare'
991 401 1147 452 usque
1173 386 1234 435 ad
1254 384 1409 436 uerba
1428 386 1728 452 ‘disparari',
1756 386 1830 452 (u.
1848 385 1934 453 19)
1977 444 1982 454 ‚

322 470 393 518 eis
419 469 461 518 si
481 468 629 518 modo
656 476 853 519 tenuem
875 484 1000 534 quae
1025 471 1076 519 in
1102 470 1178 520 liis
1205 469 1421 520 tenebris
1440 469 1594 534 fulget
1613 470 1777 520 lucem
1802 477 1939 521 recte

322 552 586 616 distinguo,
608 553 809 618 Epicuri
828 554 888 604 de
914 555 1088 604 atomis
1115 555 1390 604 doctrinam
1417 555 1573 604 reicit.
1614 569 1739 620 quae
1758 555 1939 605 deinde

318 642 558 687 secuntur
584 637 805 704 Koppius
841 646 977 688 recte
1005 640 1062 689 ni
1096 638 1237 688 fallor
1270 638 1332 688 ad
1361 638 1638 689 Aristotelis
1663 638 1937 689 doctrinam

321 721 594 773 reuocauit.
633 738 760 787 quae
784 729 897 787 post
919 738 976 773 ea
1000 722 1233 788 leguntur
1261 727 1503 788 ‘quarum
1530 723 1662 773 circa
1687 718 1904 773 medium
1920 724 1938 747 '

323 820 481 870 usque
502 806 562 856 ad
582 822 630 872 p.
653 804 772 865 303,
794 805 827 857 3
854 805 1136 871 ‘divam-poc
1157 806 1467 872 perbihetur'
1489 821 1787 872 quamquam
1805 807 1943 856 miri-

324 890 417 939 fica
430 890 521 939 ista
533 890 760 941 Martiani
780 890 1018 955 elegantia
1036 892 1100 942 ita
1120 898 1403 956 comparata
1423 898 1477 940 ut
1492 893 1574 941 uix
1594 890 1944 956 intellegantur

324 981 487 1024 tamen
533 990 695 1041 neque
739 991 799 1025 ex
835 976 1112 1026 Stoicorum
1150 975 1403 1040 disciplina
1451 981 1566 1027 sunt
1616 991 1776 1041 neque
1821 990 1942 1026 uere
1967 993 1970 995 ⁷

323 1057 613 1118 Aristotelis,
640 1061 724 1124 qui
750 1067 978 1125 quattuor
1004 1066 1195 1110 tantum
1222 1059 1464 1110 elementa
1490 1058 1654 1110 habet.
1703 1066 1753 1108 at
1775 1065 1942 1124 poste·

324 1143 486 1192 riores
513 1143 713 1194 aethera
739 1143 1074 1195 Aristotelium
1100 1161 1192 1211 pro
1221 1144 1464 1196 elemento
1499 1143 1805 1200 habuerunt,
1840 1143 1943 1194 uel-

325 1228 397 1276 uti
441 1233 613 1277 auctor
656 1227 808 1278 libelli
861 1228 983 1292 περὶ
1026 1227 1222 1291 κόςμου
1277 1232 1357 1296 qui
1411 1246 1456 1295 p.
1497 1226 1640 1280 39212
1672 1225 1742 1280 35
1785 1226 1942 1279 Bekk.

326 1308 488 1362 πέντε
522 1309 587 1374 δὴ
614 1312 772 1377 inquit
797 1313 1026 1376 ςτοιχεῑα
1059 1314 1226 1365 ταῦτα
1260 1312 1321 1366 ἐν
1355 1312 1518 1366 πέντε
1550 1311 1752 1375 χώραις
1788 1326 1939 1376 ςφαι-

326 1394 487 1457 ρικῶς
511 1392 785 1459 ἐγκείμενα
809 1396 1189 1461 περιεχομένης
1215 1395 1298 1451 ἀεὶ
1321 1398 1415 1460 τῆς
1435 1394 1725 1467 ἐλάττονος
1749 1393 1947 1459 μείζονι

328 1477 487 1541 (λέγω
513 1477 573 1531 δὲ
597 1482 695 1542 γῆς
719 1480 815 1543 μὲν
850 1479 910 1534 ἐν
935 1479 1102 1539 ὕδατι,
1130 1480 1325 1534 ὕδατος
1358 1481 1418 1533 δὲ
1443 1479 1503 1532 ἐν
1530 1478 1661 1543 ἀέρι,
1698 1477 1862 1543 ἀέρος
1886 1478 1948 1532 δὲ

326 1561 388 1614 έν
414 1562 557 1627 πυρὶ,
585 1564 757 1628 πυρὸς
782 1564 843 1619 δὲ
867 1563 927 1619 ἐν
953 1564 1141 1631 αἰθέρι)
1179 1564 1276 1617 τὸν
1303 1563 1437 1618 ὅλον
1464 1562 1662 1627 κόςμον
1702 1562 1945 1627 ςυνεςτή-

326 1660 473 1698 cato.
536 1647 673 1698 uides
698 1649 822 1700 haec
847 1649 992 1715 plane
1019 1666 1130 1700 cum
1157 1656 1328 1700 nostro
1354 1649 1464 1699 loco
1492 1650 1760 1699 conuenire
1783 1655 1838 1698 ut
1863 1663 1944 1699 su·

326 1732 475 1795 spitio
516 1733 701 1782 oriatur
753 1734 892 1783 istius
940 1733 1093 1785 libelli
1129 1741 1382 1785 auctorem
1417 1749 1646 1798 magnam
1682 1734 1949 1798 sapientiae

329 1821 521 1880 partem
543 1831 603 1866 ex
614 1818 847 1868 Varronis
864 1818 1061 1869 horreis
1079 1819 1459 1884 deprompsisse.
1498 1818 1762 1882 perspicuo
1783 1825 1949 1867 autem

329 1899 555 1966 exempla
576 1902 753 1966 opinor
775 1917 832 1952 ex
853 1903 950 1952 hoc
970 1902 1195 1953 Martiani
1218 1902 1328 1952 loco
1350 1902 1661 1967 cognoscitur
1681 1916 1779 1967 quo
1800 1900 1948 1950 modo

329 1982 486 2034 Varro
525 1983 604 2053 (cs.
631 1984 918 2036 Krahnerus
953 1987 1016 2036 ad
1040 1986 1181 2037 Varr.
1208 1986 1329 2052 phil.
1365 2002 1415 2050 p.
1450 1985 1501 2049 4)
1537 1985 1947 2050 philosophorum

331 2066 510 2133 placita
537 2068 762 2132 quamuis
788 2069 1114 2135 discrepantia
1139 2072 1190 2120 in
1215 2086 1371 2120 unum
1398 2069 1699 2122 conflauerit.

428 2162 438 2177 ⁸
474 2151 545 2201 Do
580 2151 707 2202 libro
739 2167 901 2202 nono
937 2153 1227 2204 Meibomius
1261 2154 1415 2220 praef.
1442 2152 1540 2205 uol.
1569 2153 1612 2202 lI
1646 2153 1950 2202 musicorum

331 2235 458 2286 haec
483 2234 632 2286 habet
667 2236 1034 2288 ‘celebritatem
1059 2238 1207 2288 huius
1233 2237 1456 2288 Aristidis
1482 2252 1611 2287 unus
1637 2252 1694 2286 ex
1735 2237 1944 2301 antiqui-

330 2325 432 2370 tate
452 2320 635 2371 adserit
651 2320 919 2372 Martianus
938 2320 1133 2387 Capella
1158 2323 1243 2388 qui
1262 2322 1557 2372 Harmonica
1583 2336 1671 2370 sua
1691 2326 1740 2370 et
1758 2318 1947 2384 Rhyth-
1971 2350 1980 2357 -

331 2405 458 2455 mica
494 2404 570 2469 (ut
593 2406 740 2470 primi
775 2404 1166 2470 obseruauimus)
1206 2422 1268 2456 ex
1292 2404 1376 2456 illo
1410 2407 1460 2454 in
1488 2405 1718 2455 Latinum
1760 2416 1948 2454 sermo-

329 2503 445 2538 nem
469 2489 731 2540 transtulit.
808 2490 964 2548 Quam
999 2489 1209 2541 feliciter
1235 2492 1285 2540 in
1319 2492 1448 2556 notis
1474 2489 1655 2540 nostris
1688 2486 1941 2538 interdum

328 2578 602 2632 ostensum.
661 2580 795 2625 certe
818 2589 918 2624 non
945 2573 1128 2640 ubique
1154 2575 1378 2625 Aristidis
1403 2581 1621 2624 mentem
1656 2572 1947 2622 adsecutum

334 2671 444 2707 esse
469 2657 627 2708 lector
653 2659 873 2710 eruditus
899 2660 1202 2724 conspiciet',
1252 2664 1300 2709 et
1325 2658 1549 2709 similiter
1576 2655 1855 2707 Boeckhius
1882 2653 1946 2703 de

335 2742 508 2792 metris
545 2742 746 2794 Pindari
791 2760 840 2810 p.
875 2741 1021 2794 2214.
1063 2743 1345 2793 ‘Aristidem
1380 2744 1429 2792 in
1465 2742 1560 2792 hoc
1595 2745 1650 2790 ut
1685 2742 1735 2790 in
1772 2733 1951 2788 ceteris

333 2826 624 2889 compilauit
648 2829 926 2879 Marcianus
951 2826 1194 2893 Capella'.
