1982 3230
274 149 377 202 158
754 146 1056 190 MARTIANI
1085 147 1408 191 CAPELLAE

270 299 351 341 tus
377 288 624 355 oportebit
651 294 698 339 et
718 290 788 338 sic
814 296 1102 354 argumenta
1129 291 1330 339 tractari
1355 290 1451 340 hoc
1477 291 1640 343 modo,
1714 292 1777 342 sit
1799 308 1883 343 res

274 360 423 411 dubia
475 361 670 409 ‘utrum
713 359 846 408 utilis
891 358 1170 424 eloquentia
1214 360 1486 410 uideatur'.
1573 361 1883 427 eloquentiaa

274 437 431 480 totum
483 437 570 480 est.
656 431 706 479 in
753 435 857 479 toto
905 431 1055 494 igitur
1102 429 1434 480 definiendum
1482 433 1554 482 sic
1603 431 1880 498 ‘eloquenti

275 508 349 551 est
381 499 510 550 bene
546 500 741 550 dicendi
773 501 991 550 scientia.
1068 500 1196 550 bene
1231 501 1398 551 dicere
1432 508 1596 552 autem
1631 502 1750 554 utile
1778 509 1878 554 est:

273 569 405 620 utilis
437 571 588 636 igitur
614 569 926 637 eloquentia’.
1002 574 1082 621 cui
1116 570 1225 620 loco
1263 571 1522 621 tractando
1557 572 1776 624 subsidio
1806 579 1881 625 est
1921 585 1950 619 ⁵

277 641 561 698 Dialectica,
591 657 737 706 quam
764 656 925 706 nuper
950 642 1167 699 audistis,
1196 655 1286 704 per
1312 657 1458 706 quam
1483 644 1736 708 cognitum
1762 650 1881 708 puto

273 712 390 778 quid
418 713 480 762 sit
507 726 663 776 genus
691 713 810 777 quid
836 713 1027 777 species
1062 711 1142 762 uel
1169 712 1442 762 differentia
1466 715 1727 779 proprium
1754 715 1881 764 acci-

273 784 396 834 dens
415 789 678 847 ceteraque
698 797 823 846 quae
846 783 949 832 eius
969 788 1234 847 praecepta
1252 789 1534 833 tenuerunt.
1572 790 1738 835 tamen
1759 785 1883 834 haec

199 850 204 854 ’
272 860 326 904 ut
351 859 527 918 potero
552 852 773 903 breuiter
799 854 1105 919 strictimque
1129 867 1436 917 percurram.

159 938 243 980 476

124 1324 255 1367 1566

161 1383 245 1423 477

163 1566 248 1606 478

163 1848 247 1888 479

164 1989 248 2029 480

164 2206 247 2247 481

417 934 606 974 GENVS
643 929 718 973 est
753 924 902 987 igitur
937 923 997 973 ad
1032 923 1210 973 multas
1254 925 1443 988 species
1479 924 1880 989 differentiasque
1904 935 1947 969 10

273 994 410 1043 notio
436 995 704 1058 pertinenS,
732 999 787 1042 ut
812 992 1007 1050 animal,
1036 994 1166 1058 quod
1192 993 1408 1043 refertur
1432 994 1495 1044 ad
1519 994 1769 1045 hominem
1795 1009 1882 1059 pe-

277 1064 452 1114 cudem
481 1078 624 1113 auem
651 1065 838 1127 piscem
865 1069 1155 1128 ceteraque,
1185 1079 1309 1128 quae
1337 1079 1436 1113 non
1460 1070 1650 1114 tantum
1674 1079 1882 1115 numero

276 1134 363 1185 sed
390 1135 536 1185 etiam
558 1135 722 1199 specie
745 1134 1076 1198 disparantur,
1105 1134 1238 1199 quod
1259 1133 1350 1183 alia
1371 1135 1521 1196 aeria,
1543 1133 1635 1183 alia
1655 1135 1884 1199 aquatilia

275 1212 591 1269 terrenaque,
620 1203 711 1254 alia
733 1203 1116 1271 ratio-<nabilia,
1145 1204 1236 1254 alia
1263 1206 1466 1254 rationis
1494 1206 1728 1269 expertia,
1757 1220 1884 1270 quae

276 1275 367 1325 sub
394 1290 493 1324 uno
527 1276 726 1324 nomine
762 1274 964 1324 collecta
991 1290 1104 1325 cum
1130 1274 1312 1324 fuerint
1348 1276 1549 1325 nomine
1577 1276 1774 1339 generis
1799 1289 1883 1340 ap·
1906 1285 1949 1320 15

276 1345 538 1411 pellantur.
616 1356 850 1396 SPECIES
880 1351 952 1394 est
977 1360 1103 1410 quae
1129 1360 1157 1394 a
1183 1358 1367 1408 genere
1402 1345 1624 1409 pendens
1648 1344 1740 1395 alia
1765 1360 1884 1396 con·

275 1418 400 1466 tinet
423 1430 633 1466 numero
658 1421 849 1466 tantum
877 1415 1023 1464 modo
1051 1415 1343 1480 disgregata,
1372 1422 1426 1465 ut
1452 1415 1639 1465 ‘homo’
1667 1417 1886 1466 continet

278 1494 327 1537 et
351 1486 732 1536 Demosthenem
759 1495 808 1535 et
826 1486 1130 1542 Ciceronem,
1159 1485 1336 1550 quibus
1362 1499 1458 1535 una
1483 1487 1673 1550 species
1701 1492 1774 1536 est
1798 1485 1895 1535 sed'

280 1571 490 1607 numero
516 1557 714 1606 distant.
790 1566 1187 1605 DIFFERENTIA
1212 1571 1334 1605 uero
1363 1562 1436 1605 est
1460 1556 1711 1607 sufficiens
1737 1570 1884 1622 quae·

277 1628 422 1677 stioni
448 1626 696 1683 discretio,
725 1632 779 1675 ut
806 1628 846 1676 si
867 1632 1136 1689 quaeratur
1160 1627 1290 1675 inter
1315 1626 1567 1676 hominem
1591 1625 1884 1692 leonemque
1904 1635 1950 1670 20

278 1698 394 1763 quid
414 1699 624 1754 intersit,
650 1696 1010 1761 respondeatur
1034 1696 1166 1759 quod
1193 1696 1341 1745 homo
1367 1697 1513 1753 mitiS,
1540 1695 1620 1746 leo
1646 1697 1783 1747 ferus
1807 1698 1883 1755 sit,

279 1768 410 1833 quod
437 1767 637 1834 quidem
663 1782 756 1816 nec
782 1767 1033 1816 hominem
1060 1782 1087 1816 a
1114 1765 1312 1816 mitibus
1338 1765 1551 1833 ceteris>
1574 1782 1667 1817 nec
1691 1766 1886 1818 leonem

279 1854 306 1888 a
341 1839 460 1888 feris
494 1837 601 1886 aliis
638 1838 891 1902 distinguit
932 1836 1241 1887 animalibus,
1317 1849 1610 1887 PROPRIVM
1647 1843 1721 1887 est
1754 1837 1886 1902 quod

278 1922 386 1959 rem
413 1907 627 1974 aliquam
652 1907 714 1958 ab
741 1909 962 1958 omnium
998 1908 1346 1957 communione
1380 1907 1618 1958 discernit
1651 1913 1705 1957 ut
1738 1909 1882 1958 risus·

279 1979 374 2029 hoc
390 1980 520 2029 enim
541 1993 642 2028 non
662 1985 737 2028 est
755 1978 943 2028 homini
955 1993 1217 2027 commune
1233 1993 1344 2028 cum
1365 1979 1557 2028 ceteris.
1595 1988 1882 2029 ACOIDENS
1904 1985 1952 2020 2⁵

281 2056 355 2099 est
381 2049 511 2114 quod
538 2050 587 2098 in
613 2048 776 2112 aliquo
803 2050 1018 2113 positum
1043 2062 1137 2097 nec
1163 2063 1278 2111 pars
1310 2049 1415 2099 eius
1440 2055 1513 2098 est
1537 2062 1631 2098 nec
1667 2049 1887 2114 separari

281 2119 342 2170 ab
370 2119 545 2170 eodem
570 2124 745 2182 potest,
774 2125 827 2168 ut
851 2134 942 2183 per
966 2132 1019 2168 se
1045 2120 1199 2183 possit
1225 2119 1435 2169 existere
1459 2125 1515 2168 ut
1540 2117 1676 2167 color
1699 2119 1750 2167 in
1777 2132 1887 2168 cor-

278 2204 415 2255 pore,
443 2190 493 2238 in
513 2189 675 2238 animo
696 2189 964 2253 disciplina.
1005 2199 1043 2236 A
1063 2199 1254 2236 PARTE
1279 2204 1401 2238 uero
1419 2193 1765 2252 argumentum
1786 2201 1888 2238 non

280 2260 343 2310 ad
367 2265 523 2309 totum
550 2257 863 2324 probandum
890 2258 1068 2308 dicitur
1094 2258 1180 2307 sed
1199 2257 1259 2307 ad
1287 2257 1499 2321 aliquam
1524 2263 1732 2323 partem,
1759 2272 1885 2322 quae

281 2331 500 2380 continet
525 2330 877 2394 quaestionem.
935 2343 1029 2378 nec
1056 2328 1182 2377 enim
1210 2327 1416 2392 probata
1443 2343 1559 2392 pars
1584 2334 1741 2377 totum
1766 2343 1882 2393 pro·
1906 2338 1948 2372 30

280 2401 391 2458 bat,
426 2405 623 2464 utputa
648 2400 687 2448 si
713 2398 885 2449 oculus
908 2398 1043 2448 uidet
1076 2413 1175 2446 non
1210 2398 1320 2448 ideo
1347 2404 1503 2448 totum
1539 2412 1720 2463 corpus
1754 2398 1888 2448 uidet

285 2470 431 2537 [cum.
465 2470 708 2520 refutetur
750 2475 907 2519 totum
950 2469 1121 2518 uidere
1166 2467 1390 2534 corpus].
1474 2468 1562 2518 sed
1605 2467 1888 2518 dlalecticus

281 2544 374 2592 iste
409 2546 647 2591 tractatus
673 2547 762 2590 est.
826 2554 959 2590 nunc
985 2554 1131 2604 quem
1158 2538 1218 2588 ad
1254 2539 1454 2588 modum
1489 2543 1833 2601 argumentum
1859 2552 1887 2587 a

399 2656 421 2694 1
470 2653 787 2705 argumentum
825 2651 849 2691 b
911 2648 934 2705 Π
993 2652 1192 2691 tractari
1229 2651 1424 2690 Halmius
1471 2652 1675 2690 tractare
1706 2648 1788 2690 BR
1848 2645 1857 2758 Ι

281 2713 308 2751 2
341 2709 608 2762 eloquentia
626 2712 773 2749 totum
791 2728 850 2738 —
869 2706 1174 2748 definiendum
1197 2709 1268 2747 est
1287 2703 1379 2759 (est
1396 2719 1473 2749 om.
1495 2705 1552 2756 R)
1582 2706 1650 2745 sic
1670 2718 1749 2747 om.
1768 2702 1828 2744 B¹

282 2769 309 2806 4
334 2772 437 2819 post
457 2769 529 2806 est
549 2767 649 2806 add.
674 2767 720 2805 et
744 2765 782 2805 R
816 2761 835 2818 Η
874 2765 923 2803 11
945 2763 1168 2816 pecudem
1185 2763 1226 2802 D
1254 2761 1472 2815 pecodem
1491 2761 1574 2802 BR
1600 2758 1619 2814 ss
1647 2762 1699 2801 12
1730 2763 1887 2801 autem

282 2821 343 2861 B¹
383 2819 403 2876 ΙΙ
451 2823 505 2862 14
535 2822 787 2874 expertaD
834 2817 855 2874 Η
903 2821 957 2860 23
987 2817 1258 2871 distingitB
1303 2815 1322 2871 ΙΙ
1370 2819 1424 2858 24
1462 2830 1557 2858 rem
1588 2816 1729 2856 aliam
1749 2814 1809 2856 B¹
1848 2812 1873 2869 H

284 2878 339 2918 28
370 2878 459 2917 imo
481 2878 520 2919 R
551 2878 706 2918 anima
727 2890 752 2917 r
789 2873 809 2930 ΙΙ
848 2877 902 2917 29
934 2874 1138 2926 aliquam
1167 2875 1324 2926 scripsi
1353 2872 1491 2933 alia‘m
1517 2872 1600 2914 BR
1637 2869 1658 2925 ΙΙ
1696 2873 1751 2914 32
1783 2884 1885 2912 cum

282 2954 339 2962 ·-—
362 2945 525 2986 corpus
555 2934 693 2974 deleuz·
739 2929 759 2986 Π
797 2934 851 2974 33
883 2944 1016 2985 quem
1037 2930 1079 2971 B
1110 2943 1227 2982 quae
1258 2930 1296 2970 R
1334 2926 1353 2982 Η
