1982 3230
761 85 947 128 LIBER
977 85 1017 127 v
1605 81 1705 135 187

236 229 611 294 Propositiones-
637 233 720 277 aut
756 226 917 277 nudae
951 231 1066 277 sunt
1109 232 1192 276 aut
1229 226 1422 275 ratione
1466 223 1705 275 subiecta.
1738 240 1821 282 555

94 299 257 349 nudae
292 306 347 349 ut
373 297 610 348 ‘adfectas
648 297 996 362 tyrannidem’.
1071 296 1264 346 ratione
1301 295 1522 345 subiecta
1549 295 1704 344 ‘adfe-

96 376 198 419 ctas
226 368 550 435 tyrannidem.
591 382 728 416 arma
756 369 883 417 enim
912 366 1045 417 domi
1076 366 1266 417 habes'.
1343 380 1515 416 omnes
1542 371 1706 416 autem

96 445 356 494 sumuntur
395 445 478 488 aut
521 437 808 502 simpliciter
843 443 925 486 aut
959 451 1050 502 per
1088 436 1442 486 inductionem.
1517 435 1703 501 simpli-

23 521 52 555 5
97 511 219 561 citer
254 516 308 559 ut
342 509 382 557 si
417 508 550 557 dicas
575 508 785 557 ‘docebo
812 507 1159 572 proditorem'.
1234 521 1326 570 per
1351 507 1703 563 inductionem,

96 587 151 630 ut
184 581 224 629 si
259 579 529 643 superioris
567 579 878 627 meminimus
928 583 976 627 et
1010 581 1300 640 sequentem
1345 576 1707 627 introducimus

95 657 150 700 ut
173 650 213 698 si
233 649 366 699 dicas
392 650 645 713 ‘quoniam
674 648 817 697 docui
842 646 1109 713 <iniustam
1135 646 1312 710 legem,
1342 646 1532 696 docebo
1557 647 1704 696 inuti-

93 719 227 770 lem'.
301 720 626 784 proponimus
653 725 817 768 autem
854 723 938 767 aut
963 733 1052 783 per
1089 718 1459 766 concessionem
1499 722 1582 766 aut
1616 731 1707 780 per

93 791 513 854 praeteritionem.
576 804 667 853 per
694 789 1065 838 concessionem
1092 803 1205 837 cum
1232 788 1440 852 gratiam
1466 787 1704 837 facientes

28 873 72 906 10
94 861 197 910 eius
223 860 357 924 quod
383 860 592 910 diximus
617 861 776 923 priuS,
815 858 997 923 aliquid
1032 858 1392 908 introducimus
1427 862 1481 907 ut
1507 859 1548 908 si
1575 857 1707 907 dicas

94 930 333 986 ‘concedo
358 931 556 980 interim
591 932 808 979 occisum
836 929 923 979 sed
949 929 1009 978 ab
1036 928 1131 977 hoc
1156 930 1513 992 interemptum
1539 932 1704 997 nego’.

91 1015 182 1065 per
207 1002 608 1066 praeteritionem
645 1015 757 1049 cum
793 1001 859 1049 ita
896 999 1161 1048 transimus
1196 999 1257 1047 ad
1284 998 1487 1048 alteram
1524 1012 1708 1062 propo-

92 1071 342 1128 sitionem,
372 1086 433 1120 ne
460 1071 768 1134 superiorem
795 1071 996 1119 interim
1023 1069 1367 1125 concedamuS‚
1412 1074 1468 1117 ut
1503 1069 1543 1118 si
1572 1068 1706 1117 dicas

94 1143 247 1190 ‘nunc
282 1142 514 1206 quoniam
561 1140 706 1190 docui
739 1141 1069 1204 ignominioso
1110 1140 1355 1188 actionem
1391 1139 1453 1188 de
1501 1139 1707 1203 priuatis

27 1222 72 1256 15
94 1210 246 1261 rebus
287 1216 478 1261 tantum
511 1211 710 1274 negari,
739 1209 927 1260 docebo
955 1210 1016 1259 de
1053 1209 1347 1273 proditionis
1374 1210 1578 1258 crimine
1604 1224 1707 1258 non

93 1281 300 1345 negari'.

232 1361 508 1400 PARTITIO
534 1357 607 1400 est
627 1365 752 1414 quae
779 1350 1006 1399 ordinem
1032 1350 1181 1398 totius
1210 1348 1464 1399 diuisionis
1483 1348 1705 1398 breuiter
1737 1356 1820 1398 556

94 1419 469 1484 conprehendit,
497 1426 552 1470 ut
579 1427 653 1470 est
677 1435 769 1486 pro
795 1420 994 1479 Quintio
1021 1422 1279 1482 ‘negamus
1305 1425 1353 1469 te
1388 1418 1518 1468 bona
1544 1418 1705 1468 Publii

93 1489 278 1548 Quintii
303 1491 579 1555 possedisse
607 1507 665 1540 ex
694 1490 853 1540 edicto
887 1492 1170 1555 praetoris’.
1246 1496 1294 1539 et
1325 1491 1486 1553 primo
1523 1490 1595 1539 sic
1630 1491 1702 1539 in-

22 1574 72 1607 20
94 1562 211 1625 cipit
245 1561 452 1611 ‘nullam
499 1577 696 1612 causam
738 1561 888 1610 fuisse
921 1560 1254 1624 postulandae
1292 1561 1702 1625 proscriptionis'.

91 1631 208 1680 huic
242 1631 416 1682 subicit
444 1636 555 1682 tnec
592 1647 651 1682 ex
679 1631 838 1681 edicto
874 1631 1129 1695 possidere
1164 1631 1404 1695 potuisse’
1444 1631 1504 1680 ad
1542 1639 1702 1680 extre-

91 1716 230 1751 mum
256 1705 368 1752 ‘nec
404 1717 629 1766 possessa
656 1717 777 1751 esse.
853 1702 995 1750 haec'
1023 1702 1182 1764 inquit
1207 1702 1318 1749 ‘tria
1347 1716 1459 1750 cum
1487 1700 1705 1750 docuero

91 1771 414 1837 perorabo’.>
442 1773 793 1822 animaduertis
821 1786 1002 1835 corpus
1026 1772 1176 1820 totius
1204 1771 1441 1819 orationis
1466 1785 1556 1834 per
1582 1770 1704 1820 haec

94 1840 376 1890 liniamenta
414 1843 653 1907 digestum
693 1856 815 1892 esse.
889 1840 999 1891 talis
1035 1847 1198 1890 autem
1225 1840 1373 1890 debet
1408 1855 1516 1890 esse
1550 1843 1702 1905 parti·
1724 1848 1858 1890 1836

21 1924 72 1975 25
97 1912 161 1960 tio
187 1917 242 1960 ut
269 1911 490 1975 singulae
514 1919 681 1977 partes
708 1914 810 1961 eius
830 1911 1068 1975 plurimas
1087 1912 1401 1974 quaestiones
1427 1912 1477 1960 in
1504 1926 1558 1960 se
1586 1927 1703 1961 con-

94 1981 298 2031 tineant.
374 1997 486 2031 nam
513 1984 554 2032 si
594 1983 778 2032 fuerint
804 1990 852 2032 et
887 1997 979 2046 pei·
1005 1980 1274 2031 incidentes
1309 1982 1705 2047 quaestiunculas

95 2052 328 2109 deriuata‚
357 2051 643 2102 onerabitur
669 2053 772 2116 ipsa
799 2052 996 2116 partitio
1024 2057 1071 2101 et
1098 2067 1158 2101 ex
1183 2052 1278 2101 hoc
1304 2051 1550 2101 rebuntur
1576 2052 1703 2101 iudi-

97 2136 178 2171 ces
217 2136 383 2171 rerum
423 2124 613 2186 copiam
653 2123 950 2185 fugiendam.
1027 2122 1137 2171 ideo
1165 2127 1213 2171 et
1238 2121 1429 2172 Tullius
1454 2123 1504 2170 in
1531 2123 1703 2172 eadem

95 2189 351 2246 Quintiana
379 2193 448 2241 sic
484 2194 690 2256 partitus
725 2200 821 2248 est,
859 2199 914 2242 ut
939 2191 1128 2256 singula
1167 2193 1322 2257 capita
1360 2191 1529 2255 plures
1556 2207 1703 2257 quae-

23 2275 73 2308 30
96 2262 307 2311 stionum
357 2262 587 2312 articulos
633 2264 959 2312 continerent.
1047 2269 1094 2312 et
1137 2265 1268 2312 enim
1318 2262 1534 2327 primum
1585 2262 1704 2312 illud

208 2416 371 2456 18—23
402 2417 426 2465 ἓ
457 2418 510 2458 36

207 2570 229 2609 1
264 2571 444 2610 ratione
476 2568 690 2610 subiecta
719 2569 761 2609 B
798 2570 1004 2610 rationes
1035 2570 1274 2610 subiectae
1306 2568 1360 2610 R¹
1393 2570 1567 2610 rationi
1598 2570 1702 2611 sub-

94 2625 245 2666 iectae
278 2626 301 2666 b
358 2623 379 2680 Η
437 2628 462 2666 2
510 2625 761 2666 adfectasti
797 2626 1090 2677 tyrannidem
1120 2627 1157 2666 R
1203 2625 1416 2666 adfectas
1455 2626 1701 2677 tityranni-

94 2680 196 2721 dem
226 2681 268 2721 B
306 2678 326 2734 Η
374 2681 626 2723 adfectasti
654 2681 736 2722 BR
781 2678 804 2735 H
849 2683 875 2723 8
909 2685 989 2722 aut
1018 2695 1094 2722 om.
1125 2682 1166 2721 D
1211 2678 1231 2734 11
1280 2682 1332 2722 15
1364 2681 1702 2734 proditionibus

93 2735 154 2776 Βι
201 2733 222 2791 ll
274 2739 325 2778 17
355 2738 438 2778 DE
469 2737 859 2778 PARTITIONE.
899 2738 1088 2791 partitio
1119 2737 1205 2776 BD
1252 2734 1273 2791 U
1324 2739 1375 2778 18
1408 2737 1556 2790 quinti
1586 2738 1627 2777 B
1666 2735 1685 2791 ΙΙ

94 2793 148 2832 21
179 2805 266 2834 nec
289 2806 345 2834 ex
366 2795 390 2835 h
422 2807 477 2835 ne
502 2807 558 2835 ex
579 2794 664 2834 BD
703 2791 722 2847 ΙΙ
761 2795 815 2834 27
846 2793 1048 2834 diriuata
1070 2794 1106 2834 R
1145 2789 1165 2847 11
1204 2795 1257 2835 28
1280 2793 1416 2834 rebus
1448 2792 1500 2835 R¹
1524 2796 1622 2835 item
1642 2793 1703 2834 B²

92 2853 138 2888 ut
158 2850 324 2890 uidetur
370 2847 390 2904 Η
438 2852 492 2891 29
524 2849 732 2903 capitula
762 2850 786 2890 b
825 2847 846 2904 [Ι
