1982 3230
773 62 960 104 121ssssss
991 62 1080 104 vn
1635 59 1742 113 269

127 212 229 264 est,
267 220 375 257 esse
411 205 618 256 alicuius
645 206 792 255 etiam
828 204 1263 269 multiplicationis,
1337 204 1403 254 ita
1430 203 1743 268 singularitas

131 277 364 327 omnibus
390 290 666 326 communis
691 290 940 333 mensura,
970 275 1265 341 quibusdam
1292 277 1437 326 unica
1465 283 1553 326 est.
1630 290 1742 326 cum
1775 290 1855 331 751

133 349 228 398 hoc
254 348 319 398 ita
346 348 429 405 sit,
469 361 560 411 per
597 361 651 396 se
686 347 1002 412 incompositi
1038 347 1235 396 numeri
1261 346 1495 397 dicuntur
1523 347 1607 411 qui
1632 345 1741 396 nul-

128 419 227 468 lam
270 431 554 471 mensuram
597 416 782 466 habent
825 418 919 467 nisi
958 416 1334 482 singularitatiS,
1387 433 1478 482 per
1521 432 1574 467 se
1618 432 1742 468 uero

84 503 106 536 5
130 487 392 554 compositi
419 503 543 553 quos
584 488 747 537 metiri
783 503 883 537 non
920 494 1112 537 tantum
1151 487 1491 550 singularitate
1529 488 1614 538 sed
1652 487 1744 538 alia

128 575 324 626 quoque
350 557 758 624 multiplicatione
783 557 916 608 licet.
974 565 1022 608 et
1046 558 1169 607 haec
1197 557 1397 622 quidem
1427 558 1741 622 'singulorum

127 644 449 680 numerorum
496 630 770 679 aestimatio
816 635 901 678 est.
984 628 1091 678 bini
1135 644 1258 678 uero
1307 628 1542 693 pluresue
1593 630 1744 680 iuncti

125 702 255 750 inter
280 715 334 749 se
359 701 674 763 incompositi
701 714 809 749 esse
831 700 1076 758 dicuntur,
1105 700 1187 765 qui
1214 698 1399 749 nullam
1426 715 1742 751 communem

127 786 411 821 mensuram
451 772 544 820 nisi
578 770 935 835 singularitatis
970 770 1156 821 habent
1192 777 1246 820 ut
1281 777 1382 820 tres
1420 778 1467 820 et
1494 777 1741 835 quattuor.

63 857 105 890 ιο
127 857 287 907 neque
309 843 440 891 enim
466 844 674 892 interest
699 857 762 891 an
782 847 1016 907 quattuor
1036 840 1175 907 dupli
1199 857 1486 891 mensuram
1514 842 1741 900 habeant,

127 928 238 964 cum
267 913 438 963 eadem
475 912 555 962 illa
593 914 643 962 in
669 912 830 963 tribus
866 928 966 962 non
994 914 1070 963 sit.
1146 919 1195 962 at
1230 914 1359 962 inter
1396 928 1449 963 se
1486 915 1746 978 compositi

125 990 242 1039 sunt
261 983 441 1048 quibus
468 983 559 1033 alia
581 999 776 1049 quoque
798 999 943 1049 quarn
971 983 1323 1049 singularitatis
1349 999 1583 1035 mensura
1606 999 1740 1034 com-

126 1055 290 1104 munis
317 1061 393 1105 est
417 1061 471 1103 ut
497 1070 679 1104 nouem
707 1061 756 1104 et
782 1055 1059 1111 duodecim,
1090 1069 1306 1119 quorum
1333 1061 1601 1119 utrumque
1628 1055 1743 1105 licet

127 1124 456 1190 triplicatione
492 1127 680 1182 metiri,
721 1141 833 1175 cum
870 1132 945 1175 ter
981 1133 1123 1176 terna
1151 1141 1358 1184 nouem,
1397 1133 1474 1176 ter
1502 1132 1741 1191 quaterna

63 1210 106 1243 15
129 1196 388 1246 duodecim
415 1197 549 1245 fiant.
616 1211 726 1245 cum
754 1211 876 1246 uero
905 1196 988 1246 alii
1014 1199 1210 1246 numeri
1235 1199 1285 1246 in
1315 1197 1505 1260 singula
1532 1204 1740 1254 tantum,
1777 1198 1857 1238 752

127 1265 210 1316 alii
245 1268 391 1317 etiam
427 1268 478 1316 in
526 1266 714 1332 aliquos
750 1266 934 1316 solidos
980 1282 1214 1316 numeros
1250 1268 1558 1326 diuidantu1‘‚
1597 1275 1651 1317 ut
1687 1284 1741 1318 re

126 1339 233 1402 ipsa
271 1338 473 1388 discreti
508 1344 645 1394 sunt,
682 1339 754 1387 sic
790 1339 936 1387 etiam
973 1338 1231 1388 uocabulis
1267 1338 1544 1388 discernam
1580 1354 1743 1404 nequa

126 1407 495 1473 indiligentibus
533 1407 757 1458 confusio
785 1410 988 1467 oriatur,
1018 1415 1065 1459 et
1092 1410 1329 1475 cuiusque
1365 1411 1560 1459 numeri
1586 1426 1742 1460 mem-

126 1478 216 1528 bra
250 1478 516 1529 nominabo
545 1479 727 1528 solidos
763 1495 998 1530 numeros
1034 1481 1084 1529 in
1112 1496 1236 1546 quos
1273 1482 1314 1530 is
1353 1481 1530 1530 deduci
1564 1482 1745 1545 poterit

29 1568 39 1578 κ
61 1564 105 1596 20
131 1556 183 1600 ut
207 1551 258 1598 in
285 1550 546 1600 duodecim
583 1550 730 1607 fiunt,
771 1557 820 1600 at
856 1551 1046 1615 singula
1074 1558 1120 1602 et
1150 1552 1276 1617 siqui
1304 1553 1449 1601 etiam
1477 1551 1620 1602 solidi
1652 1567 1743 1602 nu·

128 1621 255 1671 meri
289 1621 478 1670 inmixti
513 1620 719 1684 singulis
744 1623 1056 1679 inserentur,
1095 1629 1262 1686 partes
1300 1622 1585 1687 appellabo,
1615 1631 1670 1673 ut
1694 1623 1742 1672 in

128 1700 344 1755 septem,
383 1690 463 1741 uel
490 1692 695 1742 totidem
731 1692 919 1757 singula
962 1692 1041 1743 uel
1078 1694 1223 1743 etiam
1263 1693 1340 1743 his
1368 1700 1508 1743 terna
1547 1693 1741 1757 singulo

127 1761 335 1812 adiecto.
1483 1827 1487 1830 Ι

270 1833 343 1883 Ex
387 1835 607 1883 numeris
646 1834 843 1898 quidam
882 1834 1092 1899 perfecti
1136 1842 1275 1892 sunt,
1326 1835 1524 1899 quidam
1570 1835 1742 1901 ampli·
1776 1840 1858 1884 753

61 1917 105 1950 25
129 1902 279 1969 <ores
306 1905 560 1969 perfectis,
600 1905 798 1968 quidam
833 1907 1122 1970 inperfecti:
1161 1904 1398 1957 τελείους
1436 1914 1484 1955 et
1523 1905 1743 1971 ὑπερτε-

45 2005 47 2007 ·
129 1973 306 2026 λείους
344 1981 391 2024 et
427 1972 773 2027 ὑποτελείουε
809 1976 987 2025 Graeci
1033 1976 1294 2040 appellant.
1380 1978 1589 2042 perfecti
1633 1985 1746 2026 sunt

130 2047 215 2109 qui
236 2061 262 2094 a
291 2045 510 2110 partibus
537 2047 636 2096 suis
652 2062 799 2111 pares
826 2054 953 2104 sunt,
983 2047 1249 2111 ampliores
1275 2049 1511 2113 perfectis
1532 2051 1614 2113 qui
1635 2048 1745 2113 plus

129 2116 179 2164 in
204 2116 428 2181 partibus
454 2119 555 2166 suis
578 2133 722 2182 quam
752 2119 800 2166 in
822 2134 874 2167 se
893 2119 1010 2182 ipsis
1037 2118 1236 2176 habent,
1264 2121 1526 2185 inperfecti
1552 2122 1602 2169 in
1625 2135 1746 2185 quo-

130 2201 242 2236 rum
279 2187 502 2251 partibus
537 2190 701 2239 minus
728 2204 876 2254 quam
914 2190 962 2238 in
999 2191 1116 2254 ipsis
1157 2198 1230 2239 est
1267 2198 1315 2239 et
1351 2190 1562 2256 exempli
1600 2206 1744 2240 causa

65 2271 110 2305 ao
134 2271 388 2307 sumamus
424 2274 524 2308 sex.
600 2259 651 2307 hi
678 2265 726 2308 et
751 2261 798 2308 in
837 2259 1026 2324 singula
1055 2261 1208 2310 diuidi
1243 2268 1452 2325 possunt
1480 2268 1528 2311 et
1555 2263 1602 2310 in
1628 2261 1746 2310 bina

132 2334 180 2377 et
203 2329 255 2376 in
281 2334 439 2386 terna,
469 2345 582 2379 cum
610 2336 656 2380 et
692 2332 853 2380 sexies
878 2330 1072 2394 singula
1109 2338 1155 2381 et
1181 2338 1257 2381 ter
1282 2331 1398 2381 bina
1427 2338 1474 2382 et
1500 2332 1576 2382 his
1605 2339 1745 2381 terna
1776 2378 1778 2382 ,

248 2499 270 2538 1
306 2499 446 2538 etiam
478 2512 556 2542 om.
579 2497 639 2538 Βι
678 2495 696 2553 Η
745 2501 773 2539 4
802 2499 945 2541 habet
966 2501 1003 2541 R
1040 2498 1060 2555 ΙΙ
1108 2503 1134 2542 5
1165 2502 1322 2542 meriti
1352 2502 1401 2547 b,-
1431 2503 1534 2556 quid
1550 2503 1747 2555 primitus

130 2555 335 2651 {gr-igtur?
361 2556 496 2652 guerit
526 2569 608 2619 non
637 2557 819 2651 disp-icio
870 2553 878 2610 Ι
918 2558 977 2653 1197
1001 2557 1205 2653 hdabeant
1235 2557 1396 2655 οέἰΙῗΒῑ
1428 2559 1605 2625 habent
1618 2555 1728 2657 {³1ss

133 2609 453 2719 ἔψψῖῑῑψψΗ
510 2609 854 2710 sagmas*
875 2665 895 2722 n
935 2671 990 2711 ψ
1021 2611 1745 2725 „ffaff13211222i'tg232121520·

134 2725 190 2764 23
222 2723 375 2765 adicto
395 2724 438 2765 B
498 2723 504 2779 Ι
553 2727 608 2767 25
639 2721 858 2766 ΤΕΛΕΥ(
889 2726 930 2765 D
961 2731 1003 2766 et
1033 2731 1179 2767 cetera
1206 2729 1401 2769 similiter
1437 2725 1457 2784 ΙΙ
1495 2725 1692 2771 ΥΠΕΡΤ
1731 2753 1746 2759 -

135 2775 301 2823 Aeone
330 2781 374 2822 Β
411 2778 433 2836 ΙΙ
471 2783 526 2823 26
557 2795 726 2836 graece
758 2782 782 2822 b
822 2778 840 2836 ΙΙ
882 2781 1150 2836 apellantD
1184 2780 1207 2838 Η
1247 2788 1354 2825 sunt
1389 2791 1490 2838 post
1522 2785 1747 2840 perfectis

135 2837 239 2879 add.
261 2837 284 2877 b
333 2834 353 2892 [Ι
401 2840 456 2880 30
485 2838 552 2880 hii
573 2839 616 2879 B
664 2836 683 2893 ΙΙ
732 2840 783 2880 31
818 2839 878 2879 ad
906 2839 1057 2880 sexies
1088 2841 1191 2885 add.
1221 2839 1242 2881 l
1272 2853 1353 2882 sex
1383 2842 1407 2882 b
1446 2839 1465 2897 Η
