1982 3230
280 160 385 213 146
759 160 1063 203 MARTIANI
1097 161 1418 204 CAPELLAE

126 318 214 363 144
227 318 262 359 6
282 310 338 354 ut
362 304 400 352 si
438 301 680 352 deliberet
718 302 836 353 Cato
882 317 943 352 an
979 317 1031 352 se
1070 302 1250 353 debeat
1294 319 1359 354 ne
1398 306 1642 355 uictorem
1686 307 1891 370 aspiciat

282 374 544 424 Caesarem
582 372 846 422 trucidare.
921 379 970 422 at
994 388 1116 422 uero
1151 374 1378 425 iudiciale
1412 390 1567 440 genus
1606 381 1706 425 tam
1743 391 1886 441 prae·

280 445 413 493 teriti
438 456 582 507 quam
610 442 765 492 futuri
789 458 888 492 non
915 458 1185 508 numquam
1211 427 1449 509 temporis
1474 446 1739 496 inuenitur
1799 446 1887 497 sed

280 516 331 564 in
357 514 624 579 praeterito
651 520 842 564 tantum
869 514 929 563 de
956 513 1084 563 facto
1124 517 1422 565 coniectura.
1488 532 1548 566 ex
1574 516 1740 566 futuro
1766 533 1886 583 qua-

281 585 390 634 litas
417 585 705 649 frequenter
730 585 1016 642 innascitur,
1054 591 1109 634 ut
1134 601 1224 635 suo
1252 585 1360 635 loco
1386 588 1662 652 promptius
1696 602 1885 638 assere·
1929 599 1954 632 ⁶

281 663 380 705 tur.
454 653 755 704 laudatiuum
797 656 938 705 etiam
975 670 1132 719 genus
1170 657 1218 705 in
1252 658 1531 720 praeteritis
1565 658 1706 707 factis
1740 673 1888 708 omne

200 751 268 762 *a
284 726 507 775 consistit
531 725 618 775 sed
647 741 673 775 a
698 726 911 776 iudiciali
937 739 1173 795 genere
1146 727 1243 784 fine
1269 727 1580 777 discernitur.
1620 742 1733 777 nam
1759 727 1888 778 aliud

239 802 357 847 -est
382 795 639 846 absoluere
675 797 987 846 innocentem
1016 798 1280 878 aequitatis
1305 799 1531 865 imperio,
1568 797 1699 847 aliud
1733 797 1887 848 laudi-

282 867 376 916 bus
402 868 638 930 prosequi
663 866 930 931 gloriosum
955 854 1220 931 insngnium
1248 867 1663 932 contemplatione
1689 869 1887 918 merito-

282 952 410 986 rum.
486 936 677 986 accedit
702 937 834 1001 quod
871 938 919 985 in
954 938 1167 987 iudiciali
1204 952 1388 1001 genere
1425 939 1629 1003 ambigit
1663 940 1888 1002 cognitor
1911 951 1966 984 ια

283 1009 333 1057 in
358 1006 510 1056 rebus
536 1005 708 1056 alienis
732 1004 961 1075 [quisque
986 1013 1086 1056 tam
1108 1009 1168 1057 de
1194 1010 1296 1058 suis
1316 1024 1460 1073 quam
1490 1011 1634 1059 etiam
1654 1009 1716 1058 de
1740 1008 1890 1059 rebus

285 1073 542 1146 externis],
580 1078 629 1126 in
662 1077 915 1127 laudatius
943 1079 1224 1128 aestimator
1251 1079 1490 1128 auscultat
1525 1094 1593 1128 an
1626 1094 1747 1129 uera
1771 1094 1888 1128 con-

284 1162 509 1214 gruaque
545 1154 907 1204 memorentur,
945 1148 1061 1197 licet
1097 1148 1289 1198 nouella
1330 1150 1473 1198 etiam
1508 1149 1558 1198 id
1595 1148 1894 1199 contulerint

283 1218 621 1268 blandimenta
640 1225 695 1268 ut
713 1234 830 1269 suae
852 1220 1227 1282 praedicationis
1243 1220 1325 1268 fiat
1345 1219 1531 1269 arbiter
1542 1221 1627 1285 qui
1644 1218 1890 1270 laudatur.

169 1295 254 1335 449
286 1304 405 1354 ergo
420 1295 615 1354 oportet
633 1290 1075 1345 attentiusintueri‚
1098 1305 1161 1338 ne
1181 1305 1252 1346 ea,
1274 1305 1399 1354 quae
1419 1290 1654 1339 auditoris
1675 1289 1890 1339 officium
1913 1300 1959 1333 15

284 1360 540 1416 habuerit,
580 1359 911 1416 intendamus,
950 1366 1004 1409 ut
1039 1361 1080 1408 si
1106 1359 1262 1416 Verri,
1301 1361 1431 1425 quod
1469 1359 1776 1410 damnandus
1812 1361 1888 1417 sit,

287 1430 521 1480 edicatur.
596 1429 679 1479 ille
707 1431 888 1494 quippe
917 1445 968 1480 se
996 1430 1327 1479 damnandum
1365 1446 1465 1479 non
1493 1446 1601 1481 esse
1626 1429 1893 1496 respondet

287 1508 334 1550 et
366 1507 534 1550 utrum
571 1499 877 1549 damnandus
913 1502 974 1549 sit
1019 1499 1118 1548 sola
1157 1499 1361 1563 qualitas
1400 1500 1671 1565 apparebit.
1743 1502 1894 1564 igitur

287 1587 313 1620 a
334 1570 450 1620 sacti
469 1570 743 1620 obiectione
769 1572 986 1620 nascitur
1012 1571 1232 1627 intenti0‚
1260 1578 1313 1619 ut
1339 1572 1378 1618 si
1404 1571 1563 1620 eidem
1589 1571 1723 1620 dicas
1747 1570 1890 1619 ‘Sici-

284 1641 399 1690 liam
428 1639 671 1704 spoliasti’
697 1655 998 1704 responsuro
1025 1644 1039 1667 <
1056 1655 1152 1689 non
1180 1641 1301 1689 feci'
1330 1642 1611 1690 coniectura
1638 1640 1960 1705 componiseo

285 1720 383 1761 tur.
459 1710 659 1760 stultum
687 1713 871 1776 quippe
899 1716 972 1760 est
996 1711 1071 1767 id,
1102 1711 1231 1774 quod
1259 1712 1308 1758 in
1348 1710 1549 1760 arbitrio
1576 1716 1743 1760 manet
1765 1710 1891 1761 iudi-

286 1784 371 1838 cis,
401 1787 484 1831 aut
510 1788 701 1831 certum
724 1781 838 1832 facti
864 1796 1060 1837 nomen,
1090 1796 1190 1829 non
1216 1782 1375 1845 ipsum
1402 1782 1590 1831 crimen
1615 1780 1890 1831 intendere.

286 1852 566 1902 cauendum
603 1867 760 1916 aeque
786 1866 864 1909 ne,
893 1851 1110 1902 cumlex
1137 1850 1234 1900 ulla
1263 1851 1343 1901 uel
1377 1853 1621 1916 scriptura
1657 1853 1708 1900 in
1744 1865 1891 1901 causa

283 1928 539 1978 tractatur,
577 1923 785 1972 intentio
830 1928 1051 1971 sumatur
1087 1937 1146 1972 ex
1183 1921 1319 1985 lege,
1360 1928 1415 1970 ut
1448 1924 1487 1970 si
1524 1922 1658 1972 dicas
1702 1920 1808 1971 ‘lex
1841 1928 1891 1970 te

285 2007 484 2047 murum
518 1993 718 2042 uetabat
754 1992 1024 2043 ascendere
1061 1995 1409 2056 peregrinum'
1449 1992 1545 2042 sed
1571 1990 1703 2040 illudx
1723 1992 1890 2057 potius
1911 2008 1961 2042 25

287 2063 549 2112 dicendum
577 2065 804 2112 ‘murum
832 2063 1123 2112 ascendisti’
1150 2068 1205 2111 ut
1230 2064 1269 2110 si
1289 2064 1559 2126 negauerit,
1588 2077 1690 2111 non
1715 2063 1776 2111 sit
1798 2076 1888 2125 pu-

285 2146 383 2194 gna
410 2133 471 2182 de
495 2131 621 2197 lege,
649 2133 734 2182 sed
755 2133 816 2182 de
836 2133 979 2188 facto,
1009 2132 1301 2182 cuiaccedit
1325 2132 1428 2188 lex;
1458 2134 1497 2182 si
1524 2131 1780 2182 confessus
1799 2132 1892 2182 erit

285 2203 494 2259 factum,
531 2209 649 2252 tunc
677 2209 850 2252 contra
884 2202 1043 2265 legem
1080 2203 1251 2251 fecisse
1287 2203 1528 2251 uideatur.
1605 2209 1824 2252 ceterum
1850 2202 1892 2251 si

286 2279 464 2336 negato
490 2273 618 2322 facto
646 2273 794 2322 fuerit
817 2273 897 2323 lex
926 2271 1004 2321 uel
1031 2273 1234 2336 quaeuis
1268 2273 1510 2336 scriptura
1543 2273 1770 2329 recitata,
1808 2287 1893 2322 su·

399 2429 427 2468 4
457 2427 583 2468 facto
605 2427 688 2468 BR
718 2427 775 2467 de
806 2427 933 2467 facto
955 2427 978 2467 b
1009 2429 1095 2467 alia
1125 2439 1239 2468 corr.
1262 2428 1303 2466 in
1324 2425 1366 2465 B
1398 2439 1453 2467 ex
1483 2426 1634 2467 facto:
1665 2426 1714 2465 in
1741 2428 1895 2478 praet.

285 2485 414 2525 facto
437 2487 617 2524 tantum
639 2483 908 2524 coniectura.
929 2483 1123 2523 Halmius
1157 2479 1177 2536 Η
1215 2483 1241 2524 5
1274 2486 1539 2523 asserentur
1557 2482 1640 2523 BR
1659 2495 1773 2523 corr.
1791 2495 1824 2534 p
1851 2478 1874 2536 l}

287 2542 341 2582 10
363 2541 573 2592 cognitur
592 2541 631 2581 R
669 2536 689 2594 Η
730 2541 780 2580 11
815 2539 983 2580 alienis
1006 2540 1195 2592 quisque
1217 2538 1301 2579 BR
1322 2538 1527 2579 alienis
1513 2551 1562 2578 m
1583 2538 1895 2579 deliberatiuo

283 2609 395 2637 uero
427 2597 618 2649 quisque
648 2596 672 2636 b
709 2610 762 2637 m.
793 2598 918 2636 multo
947 2597 1210 2640 recentiore,-
1247 2595 1295 2634 in
1335 2594 1644 2636 deliberatiuo
1682 2594 1783 2634 add.
1814 2594 1890 2634 Ru·

286 2656 371 2693 ‘est
399 2658 547 2705 inepta
575 2652 865 2705 interpolatio’
891 2653 1085 2692 Halmius
1118 2649 1138 2705 Η
1183 2655 1279 2691 tam
1308 2664 1383 2693 om.
1407 2649 1525 2692 B¹R¹
1563 2647 1585 2704 H
1624 2651 1676 2690 12
1705 2662 1764 2691 an
1784 2651 1894 2691 add

286 2709 480 2750 Halmius
514 2706 533 2763 Η
570 2711 622 2749 16
642 2708 891 2749 habuerint
912 2709 961 2748 bv
994 2704 1013 2761 11
1050 2710 1100 2748 17
1124 2707 1451 2748 damandumR
1483 2704 1503 2761 Η
1535 2705 1771 2759 respondit
1784 2704 1886 2746 BR¹

288 2763 602 2818 (respondebit
631 2763 843 2816 Halmius)
901 2761 921 2818 Π
979 2765 1031 2804 18
1070 2764 1296 2815 qualitate
1325 2764 1516 2803 Halmius
1562 2759 1581 2815 ΙΙ
1640 2763 1691 2802 19
1730 2760 1892 2802 affecti

286 2821 547 2862 obiectione
568 2821 606 2861 R
653 2817 674 2875 Η
720 2822 774 2860 22
807 2826 982 2861 certum
1010 2822 1169 2873 scripsi
1205 2823 1329 2860 certe
1349 2818 1431 2859 BR
1477 2814 1498 2871 ss
1544 2815 1598 2859 23
1629 2818 1896 2870 scripturae.

285 2876 387 2917 B¹R
415 2874 435 2931 Η
460 2879 515 2917 27
536 2877 775 2918 confessus
796 2877 883 2918 erit
902 2877 1078 2917 factum
1096 2878 1255 2929 scripsi
1275 2874 1510 2916 confessus
1532 2887 1587 2913 ex
1608 2873 1824 2914 factoBR
1849 2870 1879 2927 st

285 2932 341 2972 29
371 2933 560 2985 negatio
581 2931 637 2973 R¹
675 2930 696 2987 Η
732 2933 810 2973 uel
841 2946 917 2974 om.
939 2930 1000 2972 B¹
1040 2930 1059 2985 Η
1099 2933 1328 2984 superflua
1353 2945 1386 2982 p
1418 2930 1644 2983 superfluo
1674 2928 1756 2970 BR
1792 2926 1816 2983 ss
