1982 3230
724 38 733 46 t
788 32 789 35 ¹
841 29 885 47 ,ms
906 22 963 46 ’.δ”
986 19 1006 38 ‘⁴
1041 26 1047 31 ⁴
1067 17 1130 38 μ’τή’
1150 20 1170 40 ἰ’
1194 42 1199 48 .
1234 30 1238 35 ’
1268 21 1306 49 ¹7⁴!
1331 15 1358 31 ·’

708 46 715 55 Ρ
872 55 874 58 ,
1011 55 1013 57 ,
1098 45 1102 48 ’
1158 47 1169 57 ι’
1203 46 1210 57 ⁴,
1266 47 1277 55 κ

858 68 871 78 .-
892 47 913 69 '⁶
931 46 983 78 Ψ.
1024 62 1035 67 w

764 125 952 168 LIBER
981 127 1006 170 1
1029 178 1034 183 ‚
1105 125 1107 127 ’
1317 135 1320 138 ’
1629 119 1695 172 11

88 271 280 337 (ῃιίρρθδ
309 284 420 320 cum
455 270 719 335 impigrum
756 267 1096 334 gerendorum
1124 266 1244 318 sciat
1270 280 1377 317 esse
1404 262 1696 331 Cyllenium.

88 341 174 393 sed
201 340 413 406 acceptis
437 338 673 405 Apollinis
698 339 880 390 fatibus
905 338 1159 405 respondit
1184 339 1290 405 ipse
1316 336 1574 400 Maiugena

299 444 489 489 certum
516 443 590 489 est
615 438 942 504 Lauripotens
968 438 1218 503 decusque
1244 435 1415 486 diuum
1723 439 1780 480 24

297 516 521 559 nostrum
549 524 608 558 ex
636 509 876 573 contiguis
903 509 1075 559 uenire
1102 512 1274 572 pectus

45 584 67 627 5
165 613 170 618 -
298 586 348 630 et
372 579 602 646 quicquid
629 581 815 630 socium
844 579 974 630 ciere
998 593 1182 628 numen

296 652 492 700 iunctus
518 651 844 715 compererim
871 649 1083 713 probare
1109 663 1294 698 rerum.

299 721 384 771 sed
413 736 678 785 numquam
708 736 851 785 mage
877 719 1004 771 uelle
1031 720 1339 785 disparamus

297 799 346 842 et
369 793 423 842 fit
447 791 716 842 collibitum
745 806 946 841 manere
971 792 1114 840 iussis

300 878 446 929 quam
473 878 582 912 cum
611 862 806 912 Deliaco
834 877 998 912 meare
1024 862 1123 911 fatu

12 926 65 980 ⁴10
301 949 420 984 cura
448 939 592 999 atque
620 933 824 983 arbitrio
853 948 1113 982 monemur
1139 934 1247 982 isto,

298 1002 466 1071 <hunc
492 1005 675 1069 quippe
701 1004 987 1068 ambiguum
1013 1004 1150 1054 nefas
1176 1008 1404 1067 putamus

300 1081 349 1125 et
373 1090 711 1141 quaecumque
737 1075 828 1124 fuit
852 1075 980 1138 perit
1005 1073 1248 1124 uoluntas,

300 1147 533 1210 quocirca
559 1145 720 1194 officio
748 1145 1030 1195 decentiore

299 1222 442 1280 paret
465 1215 778 1281 praecluibus
803 1214 963 1265 libens
990 1215 1193 1279 profatis

25 1298 67 1332 15
298 1289 451 1337 Arcas
475 1287 523 1335 in
550 1285 790 1336 thalamos
814 1287 987 1335 uenire
1013 1286 1189 1336 iussuS.

299 1357 385 1407 sed
412 1362 464 1406 tu
492 1355 639 1414 Delie,
669 1372 766 1421 quo
794 1356 1030 1407 Tonantis
1057 1362 1188 1406 extet

301 1441 502 1492 compar
528 1428 837 1491 propositum
864 1425 1140 1490 nolensque
1165 1431 1330 1484 nutuS,

301 1499 475 1547 instes:
503 1513 615 1547 nam
645 1497 813 1548 solitus
840 1498 970 1548 ciere
996 1504 1168 1561 pectus

299 1575 347 1618 et
372 1583 604 1633 peruersa
632 1567 754 1633 uigil
780 1584 982 1618 mouere
1010 1583 1153 1618 sensa

21 1652 66 1686 20
299 1638 434 1688 illum
462 1639 743 1689 contribuas
767 1640 940 1689 fauere
966 1640 1124 1697 iussis,

298 1716 352 1759 ut
378 1711 562 1774 coeptis
587 1725 726 1760 sacra
752 1709 943 1760 fulserit
968 1709 1210 1760 uoluntas.

227 1807 360 1858 Haec
396 1808 587 1858 dicente
623 1808 867 1858 Mercurio
920 1810 1064 1875 ‘quin
1109 1810 1301 1873 potius'
1338 1809 1498 1872 inquit
1534 1809 1697 1861 Virtus
1727 1821 1785 1862 25

86 1877 326 1943 ‘uterque
352 1877 572 1928 uestrum
600 1878 767 1928 Iouem
804 1894 928 1929 uoce
966 1878 1208 1929 conciliet.
1261 1894 1375 1929 nam
1413 1885 1460 1930 et
1485 1879 1566 1928 hic
1594 1880 1699 1948 eius

49 1948 408 1999 ··consiliorum
446 1950 672 1999 conscius
710 1956 757 1998 et
803 1956 855 1999 tu
901 1951 1262 2014 praeceptionis
1317 1965 1541 2000 arcanus.
1615 1949 1699 2001 ille

24 2032 68 2066 25
91 2026 305 2069 mentem
333 2020 485 2076 nouit,
514 2027 565 2069 tu
595 2020 742 2070 uerba
772 2022 1041 2084 componis.
1087 2020 1289 2070 Phoebo
1311 2022 1473 2070 sueuit
1497 2022 1697 2071 instanti

91 2089 378 2148 concedere,
415 2091 502 2140 tibi
536 2098 707 2154 pectus
748 2090 965 2156 [solitus]
995 2093 1204 2156 aperire.
1259 2091 1385 2141 addo
1434 2092 1564 2157 quod
1605 2107 1697 2141 uos

88 2173 357 2223 numquam
384 2161 614 2211 conuenit
640 2162 880 2226 disparari
907 2169 954 2212 et
978 2161 1093 2212 licet
1117 2162 1200 2212 hic
1219 2177 1392 2212 cursor
1416 2162 1699 2229 Apollinei>

87 2228 382 2295 plerumque
422 2233 524 2282 axis
559 2231 808 2283 celeritate
843 2234 1068 2282 uincatur
1115 2249 1171 2283 ac
1214 2239 1461 2283 remorata
1488 2235 1696 2284 statione

29 2328 30 2363 3
87 2302 361 2351 consistens
398 2308 559 2366 captet
618 2303 815 2352 demum
858 2303 1084 2353 festinata
1122 2311 1466 2368 praeuertere,
1531 2311 1696 2355 tamen

28 2385 68 2419 ³0
90 2370 207 2420 dum
235 2376 553 2438 consequitur
579 2375 642 2423 ita
668 2373 873 2424 libratus
901 2375 1164 2431 anteuenit‚
1191 2383 1245 2424 ut
1272 2376 1447 2425 cessim
1475 2375 1696 2439 plerum-

71 2455 185 2506 ,que
227 2445 525 2493 recursitans
570 2445 778 2507 gaudeat
821 2446 1069 2509 occupari.
1140 2461 1238 2495 una
1287 2447 1435 2509 igitur
1472 2451 1695 2495 uestrum

88 2511 250 2562 Iovem
278 2515 353 2578 pia
382 2515 587 2578 pignora
617 2517 891 2565 conuenite.
954 2522 1142 2566 certum
1179 2518 1361 2582 quippe
1390 2524 1463 2566 est
1489 2516 1621 2581 quod
1649 2523 1699 2566 et

204 2698 226 2735 1
277 2697 517 2750 impigrum
550 2698 793 2739 Bondamus
840 2700 1037 2753 impiger
1066 2699 1148 2740 BR
1195 2696 1214 2753 ΙΙ
1275 2700 1326 2739 15
1368 2698 1533 2739 archas
1572 2700 1609 2738 D

50 2779 54 2795 =.
92 2752 144 2796 19
193 2765 412 2806 peruersa
433 2776 487 2782 —
509 2767 689 2795 mouere
719 2755 932 2796 Vonekius
970 2768 1223 2808 praeuersa
1243 2776 1300 2786 ——
1320 2769 1504 2796 monere
1536 2755 1620 2796 BD

51 2843 54 2846 Α
90 2808 143 2848 21
174 2812 225 2848 ut
253 2808 459 2851 Barthius
490 2814 536 2852 et
568 2811 651 2851 BD
699 2807 718 2865 11
766 2814 820 2852 25
858 2813 1062 2852 instante
1094 2811 1136 2850 B
1185 2809 1203 2865 ΙΙ
1252 2812 1305 2851 26
1346 2815 1500 2852 sectus
1531 2812 1696 2854 solitus

90 2862 176 2904 BD
219 2869 383 2917 pectus
413 2867 612 2919 Koppz'us
657 2867 818 2908 solitus
849 2870 989 2909 delent·
1043 2865 1062 2922 Η
1122 2870 1176 2908 29
1230 2870 1388 2921 captet
1418 2869 1440 2909 b
1490 2874 1628 2923 caput
1656 2871 1696 2912 lt

93 2924 253 2974 captat
282 2922 324 2962 B
373 2919 392 2977 {l
439 2926 493 2964 30
530 2937 709 2964 cessum
740 2925 778 2965 R
818 2937 993 2965 cessem
1024 2924 1090 2964 ΓΒ
1121 2922 1141 2964 l
1171 2925 1231 2964 im
1263 2926 1363 2965 add.
1397 2925 1420 2965 b
1468 2922 1488 2980 [l
