1982 3230
0 0 122 210 Γ
447 123 736 166 CAESARIS
769 123 1111 167 GERMANIOI
1142 124 1383 166 ARATEA
1615 122 1722 176 399

15 202 44 245 ‚f
159 227 161 229 ,

15 253 41 326 ⁷3
103 265 366 331 positam.)
394 266 457 315 ob
486 281 631 331 quam
660 280 765 315 rem
792 264 938 329 longe
958 264 1153 315 habitus
1181 281 1353 316 eorum
1375 264 1602 316 diuersus
1629 272 1716 316 est.

19 366 34 396 φ
102 335 186 402 <id
215 343 288 386 est
314 343 476 386 autem
505 337 750 400 Cassiepia
779 337 827 385 in
855 335 973 385 sella
1010 335 1220 386 anaclito
1248 336 1441 386 sedens.
1493 336 1643 386 habet
1668 338 1718 386 in

102 408 260 470 capite
297 405 487 456 stellam
528 406 709 456 claram
750 421 920 462 unam,
962 407 1011 454 in
1046 406 1248 471 singulis
1283 408 1468 456 umeris
1504 406 1718 472 singulas

20 479 25 542 '¹
101 475 284 533 claraS,
325 478 374 525 in
404 477 572 525 dextra
602 476 815 526 mamilla
844 475 1026 526 claram
1054 492 1226 534 unam,
1265 478 1314 526 in
1342 477 1518 527 dextro
1544 493 1717 528 umero

55 558 77 592 5
100 545 161 596 ad
188 561 388 596 manum
415 546 598 596 claram
626 547 646 596 1
674 561 927 610 magnam,
957 552 1005 596 et
1032 546 1194 596 clarae
1222 549 1270 596 in
1299 549 1498 597 sinistro
1527 550 1718 599 femore

98 616 164 674 ΙΙ,
201 618 248 665 in
276 630 408 680 genu
443 616 627 667 claram
655 618 701 673 1,
741 619 787 666 in
825 616 994 666 basem
1035 616 1180 667 sellae
1216 619 1267 666 in
1305 633 1397 682 qua
1435 619 1573 668 sedet
1599 638 1702 669 *ια*
1723 634 1778 673 58
1788 632 1832 673 Β

98 688 147 736 in
176 689 396 752 utrisque
424 687 616 752 angulis
643 686 801 737 claras
827 686 1070 750 singulas:
1111 702 1302 737 summa
1330 687 1515 755 XIIII.)

239 758 341 807 Nec
367 757 541 821 procul
566 757 934 821 Andromedae]
968 773 1016 807 u.
1047 765 1143 807 200

237 826 410 894 <Haeo
436 843 634 893 quoque
674 830 724 876 in
752 827 1000 878 sideribus
1036 835 1236 893 recepta
1264 828 1443 878 dicitur
1470 828 1714 879 beneficio

28 908 73 941 10
95 897 373 956 Mineruae,
402 904 455 948 ut
480 897 622 947 labor
647 899 816 948 Persei
844 904 1075 948 aeternus
1101 905 1323 963 pareret,
1353 899 1581 949 manibus
1609 901 1714 949 eius

23 963 32 970 ⁷
93 969 250 1032 passis
288 984 436 1034 quem
464 969 524 1018 ad
551 969 753 1018 modum
784 974 892 1018 ceto
931 969 1020 1018 fuit
1046 971 1317 1033 proposita.
1371 986 1498 1035 quae
1533 985 1643 1019 oum
1683 986 1710 1019 a

92 1037 275 1087 Perseo
303 1046 432 1088 esset
457 1039 662 1089 liberata
689 1054 851 1104 neque
878 1041 1003 1103 patri
1030 1055 1192 1104 neque
1219 1041 1367 1090 matri
1392 1040 1550 1090 uoluit
1577 1055 1712 1089 com-

94 1110 279 1158 morari
305 1110 392 1159 sed
420 1112 653 1159 continuo
681 1125 794 1159 cum
820 1110 1004 1159 Perseo
1031 1111 1174 1173 Argis
1210 1118 1282 1160 est
1309 1111 1531 1174 profecta
1567 1112 1630 1160 ita
1659 1118 1713 1160 ut

92 1178 355 1245 Euripides
383 1181 591 1245 profert.
644 1179 793 1229 habet
820 1179 986 1230 stellas
1013 1182 1060 1229 in
1089 1182 1247 1246 capite
1274 1180 1465 1231 stellam
1491 1180 1709 1246 splendif

27 1257 70 1291 15
93 1248 204 1298 dam
231 1265 379 1299 unam
406 1252 456 1299 in
482 1252 667 1300 umeris
686 1250 890 1314 singulis
915 1254 1167 1313 sinqulas,
1196 1253 1247 1300 in
1276 1252 1450 1301 dextro
1480 1250 1643 1300 cubito
1671 1252 1707 1308 I,

90 1321 140 1368 in
177 1335 325 1370 manu
361 1321 543 1370 claram
577 1322 623 1376 1,
674 1322 724 1369 in
760 1322 958 1370 sinistro
985 1321 1197 1371 cubitol
1230 1321 1441 1376 claram,
1495 1323 1542 1370 in
1579 1321 1693 1371 bra·
1717 1323 1826 1363 59ss

91 1390 203 1440 chio
230 1390 264 1448 1,
294 1392 343 1439 in
372 1393 534 1440 cinctu
547 1390 627 1447 111,
656 1406 802 1454 supra
825 1406 998 1440 zonam
1020 1397 1266 1455 quattuor,
1295 1394 1346 1440 in
1373 1390 1581 1456 genibus
1607 1393 1706 1440 sin-

89 1459 214 1524 gulis
250 1459 406 1511 claras
445 1461 691 1526 singulae,
745 1462 794 1509 in
834 1461 1007 1511 dextro
1043 1462 1167 1526 pede
1206 1463 1274 1519 11,
1336 1464 1386 1511 in
1423 1463 1621 1512 sinistro
1658 1463 1703 1512 I:

88 1545 278 1581 summa
305 1531 446 1595 XX.)

24 1607 68 1642 20
230 1602 576 1651 Andromedae
603 1600 778 1668 radiat]
808 1619 854 1652 u.
889 1609 982 1651 207

230 1671 358 1738 <Hic
394 1672 624 1722 dimidius
662 1678 736 1721 est
772 1673 821 1720 in
848 1673 1016 1736 priore
1051 1678 1192 1736 parte
1234 1687 1414 1736 parens
1449 1687 1606 1736 usque
1644 1674 1706 1723 ad

87 1740 411 1808 umbilicum>
441 1741 666 1808 [dicitur]
697 1757 847 1806 super
873 1742 1259 1805 geniculatorem
1288 1744 1450 1793 situm.
1490 1742 1705 1808 <Aratus

87 1811 219 1862 hune
257 1813 372 1862 dicit
399 1815 481 1877 qui
508 1814 875 1876 Hippocrenem
904 1813 1034 1861 fecit.
1089 1812 1169 1862 alii
1204 1814 1335 1862 huno
1361 1813 1603 1877 Pegasum
1633 1814 1701 1863 di-

88 1889 205 1931 eunt
240 1883 299 1932 ad
339 1890 469 1933 astra
521 1883 714 1932 uolasse
750 1889 1069 1947 posteaquam
1107 1882 1546 1948 Bellerophontem
1586 1900 1612 1933 a
1649 1899 1702 1934 se

12 652 19 685 l

84 2137 166 2176 252
199 2079 435 2175 92Catast.
471 2093 512 2132 p.
548 2081 646 2132 250,
669 2081 722 2119 22
755 2102 807 2108 -
839 2081 937 2131 251,
973 2081 996 2120 7
1031 2078 1050 2132 ΙΙ
1084 2082 1135 2119 21
1171 2079 1349 2122 Catast.
1384 2094 1427 2133 p.
1460 2083 1557 2134 251,
1590 2083 1616 2122 8
1652 2104 1697 2112 —-

200 2307 219 2345 1
255 2305 474 2346 deuersus
506 2304 547 2344 B
566 2301 586 2357 [l
606 2306 631 2343 2
664 2303 709 2344 id
733 2308 886 2344 autem
910 2307 982 2344 est
1010 2304 1052 2343 B
1073 2301 1091 2358 Η
1113 2305 1306 2356 easepia
1334 2319 1364 2357 p
1397 2305 1576 2358 easipia
1605 2307 1648 2345 P
1675 2305 1684 2360 1

81 2364 230 2402 stellae
251 2363 376 2402 aliter
392 2366 689 2402 enumerantur
703 2362 747 2401 in
767 2360 926 2401 Catast.
949 2357 968 2414 {l
989 2362 1014 2400 3
1035 2360 1236 2400 humeris
1257 2361 1299 2400 P
1315 2357 1334 2414 Η
1353 2362 1381 2400 4
1402 2362 1589 2402 humero
1604 2362 1647 2401 P
1676 2361 1683 2414 Ι

82 2419 108 2458 6
140 2417 284 2458 sellae
323 2418 368 2457 V
390 2416 556 2457 stellae
593 2413 706 2470 0116
738 2429 947 2456 numerum
977 2418 1191 2456 excidisse
1221 2418 1410 2457 indicaui
1428 2414 1447 2471 Η
1476 2419 1499 2458 7
1531 2417 1701 2458 utrius-

83 2486 170 2526 que
193 2470 270 2527 ΡΗ
297 2475 322 2514 9
345 2472 582 2525 syderibus
604 2473 645 2512 P
669 2468 688 2525 [Ι
720 2474 767 2511 11
792 2472 882 2511 ruit
901 2471 943 2510 B
973 2478 1017 2511 et
1045 2485 1157 2513 corr.
1192 2474 1234 2512 in
1265 2473 1354 2512 fuit
1381 2474 1423 2513 P
1446 2470 1465 2526 Η
1495 2474 1546 2514 13
1578 2475 1699 2513 itau—

81 2535 173 2571 tem
204 2528 273 2583 ΒΙ
308 2530 360 2569 14
391 2529 595 2582 proferet
617 2525 695 2582 ΒΗ
718 2529 770 2568 15
801 2527 1008 2580 singulas
1039 2529 1191 2568 addidi
1216 2525 1235 2582 ΙΙ
1262 2527 1338 2569 ἐπὶ
1370 2528 1520 2571 δεξιοῦ
1553 2527 1701 2570 ποδὸς

82 2580 126 2637 β’
155 2584 237 2627 ἐπ’
298 2585 510 2637 pici-epos)
533 2577 581 2624 α’
613 2585 712 2626 add.
748 2583 909 2624 catast.
932 2580 951 2637 ΙΙ
979 2584 999 2623 Ι
1031 2598 1108 2625 om.
1130 2581 1207 2633 ΡΙΙ
1238 2586 1290 2625 16
1321 2586 1369 2624 in
1400 2586 1588 2626 sinistro
1622 2597 1702 2626 cu·

79 2643 178 2684 bito
214 2643 236 2682 1
275 2656 358 2684 non
394 2644 546 2695 leyitur
584 2644 626 2679 in
667 2640 828 2682 Catast.
886 2636 908 2693 [J
963 2641 1009 2680 in
1051 2641 1241 2681 brachio
1281 2642 1303 2681 I
1343 2654 1426 2683 non
1463 2644 1617 2694 legitur·
1654 2643 1700 2681 in

82 2698 242 2742 Gatast.
291 2695 310 2753 H
359 2700 410 2738 17
443 2710 581 2751 supra
613 2719 663 2724 -
698 2698 916 2748 quattuor
944 2709 1021 2737 om.
1055 2698 1096 2736 P
1142 2694 1161 2750 1]
1211 2698 1263 2738 19
1294 2699 1411 2738 immo
1441 2698 1622 2738 XVIIII
1661 2694 1680 2751 Η

79 2757 134 2795 22
170 2754 338 2796 dicitur
376 2756 516 2795 deleui
562 2750 580 2807 Η
631 2752 798 2792 Aratus
826 2758 926 2805 post
954 2752 1219 2793 umbilicum
1247 2755 1427 2806 positum
1456 2755 1499 2793 in
1530 2753 1564 2793 0
1596 2759 1699 2806 post

79 2811 217 2851 situm
247 2812 377 2852 reieci
401 2807 424 2865 ll
449 2813 503 2851 23
535 2810 828 2862 hipoerenem
859 2805 943 2862 PU
970 2821 1092 2849 nunc
1123 2810 1362 2862 pegasium
1394 2806 1474 2863 ΒΗ
1502 2811 1557 2850 24
1589 2821 1694 2850 euo-

77 2867 200 2908 lasse
231 2866 273 2906 B
311 2864 331 2920 {l
368 2867 691 2907 belorofonten
724 2864 765 2903 B
794 2864 1126 2906 belerofontem
1159 2866 1200 2904 P
1236 2862 1255 2919 [Ι
