1982 3230
484 78 774 123 CAESARIS
806 77 1151 121 GERMANICI
1178 77 1422 120 ARATEA
1492 93 1503 103 ·
1652 75 1756 129 407

0 276 9 282 „
63 211 82 255 Ῑ
145 225 346 272 exortus
373 219 593 287 [stellae]
622 222 757 270 uenti
784 221 1055 285 perflarent
1081 221 1278 270 circiter
1305 219 1408 270 dies
1434 218 1756 284 quadraginta

58 303 66 358 'j
145 291 348 355 eiusque
390 290 697 356 pestilentiae
740 292 840 340 uim
889 291 1220 342 absciderent.
1306 296 1608 356 quapropter
1650 290 1759 340 Ari-

0 359 27 439 [κ
61 372 66 421 j
144 368 309 411 staeus
335 361 514 411 dicitur
540 377 566 410 a
589 362 692 410 deis
713 360 970 426 splendido
997 360 1106 411 loco
1127 361 1355 424 dignatus
1382 377 1504 411 esse.
1533 359 1758 427 <AQVA-

0 422 52 506 ξ·
112 474 121 482 .
145 431 288 481 RlVS
314 431 464 481 habet
489 431 655 482 stellas
681 433 729 481 in
758 433 917 496 capite
943 432 985 481 11
1013 431 1274 488 obscuras,
1303 433 1353 480 in
1380 433 1566 481 umeris
1592 433 1758 496 singu-

0 497 51 550 ἶ»
101 514 124 548 5
145 500 218 551 las
245 508 480 565 utrasque
508 502 710 567 amplaS,
739 504 936 552 sinistro
963 502 1131 551 cubito
1158 517 1306 552 unam
1335 500 1542 558 claram,
1585 502 1760 551 dextro

35 614 42 620 .
146 571 311 622 cubito
336 572 384 629 Ι,
412 574 461 621 in
488 588 634 622 manu
662 573 708 629 Ι,
736 573 784 622 in
811 574 1037 622 mammis
1063 572 1305 635 singulaS,
1335 573 1508 622 dextro
1536 587 1683 622 crure
1709 573 1757 621 in

0 631 66 693 ¹,
145 641 357 706 pedibus
383 642 601 706 singulas
629 642 808 693 claras:
838 658 1028 693 summa
1055 642 1207 692 XVIII
1233 642 1319 692 sed
1348 656 1473 706 quae
1500 642 1627 692 fusio
1655 661 1757 693 *ιιι*

36 711 46 722 ”
146 712 200 761 fit
225 728 283 762 ex
306 710 650 770 stellis‘XXXL
681 729 738 763 ex
760 712 940 778 quihus
962 713 1124 763 clarae
1150 713 1208 770 II,
1238 719 1435 763 ceterae
1461 711 1758 779 obscurae.)

28 820 46 835 „⁷
286 783 752 849 <CAPRICORNVS
779 783 1150 833 similitudinem
1176 785 1452 848 Aegipanos
1480 783 1643 833 habet.
1697 783 1756 833 ab

24 838 63 913 ,ᾧ
82 866 124 899 10
149 868 210 903 eo
246 854 374 902 enim
412 859 485 903 est
519 855 692 904 factus
744 854 895 903 habet
920 856 1245 918 posteriorem
1281 860 1469 918 partem
1498 855 1646 920 piscis
1671 853 1758 904 sed
1784 857 1892 901 70B

25 912 44 984 ξ
141 925 361 988 priorem
400 939 577 988 caprae
606 939 790 974 cornua
819 925 1062 974 habentis.
1115 926 1247 974 hunc
1272 925 1516 974 honorem
1553 925 1759 975 adsecu-

142 999 222 1043 tus
257 994 464 1051 dicitur,
517 995 647 1060 qnod
685 1010 796 1044 cum
822 996 941 1045 Ioue
977 1002 1106 1046 esset
1140 997 1367 1045 nutritus.
1444 995 1761 1060 Epimenides
1843 1005 1848 1008 ’

144 1063 261 1113 dicit
286 1066 335 1113 in
355 1065 437 1114 Ida
465 1072 703 1130 utrosque
730 1067 942 1114 nutritos
970 1074 1016 1116 et
1042 1066 1101 1115 ad
1123 1066 1409 1116 Titanorum
1436 1065 1620 1115 bellum
1648 1080 1761 1116 cum

20 1191 45 1205 κ,
146 1134 264 1183 Ioue
309 1135 604 1198 profectum.
681 1151 826 1200 quem
871 1138 1031 1185 uictor
1076 1136 1261 1202 Iupiter
1306 1138 1451 1186 astris
1500 1136 1758 1193 intulisset,

19 1207 48 1263 '‘2'‘-
80 1214 122 1248 15
149 1205 278 1268 quod
307 1205 410 1254 eius
437 1220 588 1269 opera
616 1206 693 1255 dei
730 1207 904 1255 armati
933 1214 1113 1256 essent.
1166 1209 1283 1256 item
1312 1212 1521 1256 matrem
1549 1209 1653 1256 eius
1680 1221 1760 1256 ca-

144 1289 302 1339 pram,
333 1282 380 1323 et
402 1276 530 1338 quod
552 1275 751 1338 κόχλον
773 1278 1043 1327 inuenisset
1067 1279 1116 1326 in
1138 1292 1275 1326 mare
1300 1276 1412 1326 ideo
1433 1279 1578 1340 piscis
1605 1277 1762 1326 cauda

145 1358 252 1394 esse
272 1351 510 1395 notatum.
538 1346 687 1395 habet
712 1345 877 1396 stellas
903 1345 1108 1413 XXVI.)
1133 1347 1353 1411 Nigidius
1375 1348 1435 1397 de
1459 1347 1760 1411 Capricorno

144 1416 214 1464 sic
239 1416 407 1464 refert.
461 1415 710 1465 inmortali
736 1416 927 1467 honore
955 1417 1190 1466 donatum
1219 1433 1315 1482 quo
1342 1419 1391 1466 in
1420 1425 1643 1483 tempore
1668 1417 1760 1483 Py-

141 1485 264 1534 thon
289 1486 339 1534 in
366 1493 533 1536 monte
559 1487 724 1536 Tauro
752 1486 1038 1552 speluncam
1068 1487 1276 1538 haberet
1313 1495 1361 1538 et
1385 1488 1658 1553 Aegyptum
1687 1489 1760 1537 in-

22 1570 26 1572 ·
81 1566 126 1599 20
149 1555 360 1605 coleret:
400 1556 673 1606 inmortalis
701 1548 955 1607 con'siliurn
984 1558 1215 1608 habuisse
1241 1573 1360 1608 num
1387 1560 1574 1622 possint
1601 1560 1646 1607 ei
1673 1558 1760 1608 ob-

146 1626 344 1683 sistere,
391 1642 501 1675 cum
539 1628 610 1675 eis
647 1627 901 1677 consilium
938 1629 1040 1678 Pan
1086 1629 1250 1686 daret,
1308 1630 1347 1677 si
1392 1643 1554 1692 neque
1594 1635 1761 1679 terras

142 1695 427 1761 relinquere
479 1696 662 1747 uellent
712 1713 873 1763 neque
918 1699 1152 1763 Pythonis
1202 1699 1476 1748 inmanitati
1526 1700 1759 1749 resistere

254 1854 279 1892 9
312 1851 490 1894 Catast.
523 1865 565 1903 p.
599 1853 698 1904 257,
733 1854 782 1892 11
815 1873 872 1881 —-
901 1853 998 1902 258,
1031 1855 1056 1893 2

258 1994 278 2032 1
303 1991 469 2033 stellae
490 1994 573 2035 del.
596 1992 731 2033 Bru-12.
753 1990 772 2046 Η
792 1995 817 2033 2
840 1993 1071 2035 aristheas
1093 1995 1134 2033 P
1150 1991 1168 2048 Η
1197 1996 1221 2035 3
1244 1993 1415 2034 dieitur
1436 1994 1542 2034 aliis
1562 1994 1762 2047 splendi-

143 2048 230 2088 dae
255 2053 302 2088 et
321 2048 423 2089 loco
442 2049 475 2089 C
493 2062 609 2092 corr.
627 2049 784 2102 Breys.
808 2046 827 2103 ΙΙ
847 2051 974 2090 aliter
992 2053 1140 2091 stellae
1161 2056 1460 2091 enumerantur
1479 2053 1522 2091 in
1541 2051 1702 2092 Catast.
1726 2048 1744 2105 Η

142 2106 169 2145 5
189 2117 283 2145 una
306 2104 436 2146 clara
456 2105 498 2144 B
524 2102 544 2159 ll
571 2103 653 2146 ἐπ’
674 2104 817 2157 ἄκρας
839 2104 993 2157 χειρὸς
1016 2105 1163 2149 δεξιᾶς
1187 2107 1348 2149 Catast.
1380 2104 1399 2160 ῘΙ
1428 2120 1559 2147 crure
1582 2126 1602 2149 *
1625 2108 1666 2148 B
1687 2104 1706 2161 11
1738 2109 1762 2148 7

143 2173 234 2214 qua
256 2161 298 2200 P
313 2157 331 2214 ΙΙ
354 2161 501 2202 efusio
522 2175 637 2202 corr.
659 2164 701 2202 in
725 2161 883 2203 effusio
905 2176 932 2202 a
950 2177 1037 2203 rec.
1059 2177 1107 2204 m.
1131 2166 1174 2203 in
1194 2164 1236 2203 P
1254 2160 1272 2218 ΙΙ
1292 2166 1318 2205 8
1340 2163 1390 2204 fit
1410 2165 1451 2203 P
1470 2165 1531 2204 sit
1551 2165 1617 2205 B:
1640 2166 1761 2205 eoecz'-

143 2218 257 2258 disse
277 2218 447 2258 uidetur
468 2231 495 2258 a
529 2217 742 2271 pellatur.
784 2225 968 2260 ceterum
995 2221 1104 2260 idem
1126 2225 1254 2260 antea
1275 2220 1494 2272 leyebatur
1511 2235 1557 2273 p.
1582 2223 1680 2271 405,
1705 2222 1761 2260 22

141 2285 205 2327 sq.
227 2270 246 2328 Η
267 2273 393 2314 tellis
413 2273 465 2314 P¹
490 2271 495 2328 Ι
531 2277 683 2315 cetere
704 2274 747 2314 B
768 2272 786 2328 ΙΙ
806 2276 832 2315 9
854 2276 1152 2328 capricornus
1172 2276 1261 2316 hae
1284 2276 1633 2318 similitudinem
1653 2276 1695 2316 B
1723 2273 1743 2330 ΙΙ

138 2329 229 2384 hab
260 2330 302 2370 P
318 2326 337 2383 ΙΙ
360 2332 412 2371 10
442 2332 596 2383 poscis
616 2344 728 2372 corr.
751 2333 795 2371 in
825 2332 977 2383 pescis
998 2332 1040 2371 B
1060 2329 1079 2385 Η
1100 2344 1149 2372 se
1172 2332 1213 2371 B
1233 2328 1254 2386 Η
1285 2333 1334 2372 11
1357 2332 1512 2385 priora
1536 2334 1575 2372 P
1591 2330 1611 2387 [l
1632 2334 1762 2386 capri

143 2385 186 2425 B
205 2382 226 2439 11
253 2387 306 2426 13
335 2386 384 2426 in
404 2385 488 2426 Ida
509 2390 723 2439 utrosque
744 2388 941 2427 nutritos
964 2391 1010 2427 et
1038 2387 1082 2426 V
1106 2387 1204 2427 inid
1236 2391 1504 2441 austrosque
1535 2389 1763 2429 nutritero

143 2441 226 2482 sed
249 2439 319 2495 011
341 2446 390 2482 at
410 2441 451 2481 B
472 2439 490 2495 Η
516 2443 565 2483 14
586 2454 718 2494 quem
739 2443 914 2495 Iupiter
933 2443 1084 2484 uictor
1105 2444 1242 2483 astris
1271 2445 1316 2483 V
1330 2445 1570 2497 uictorque
1585 2445 1765 2498 Iupiter

146 2498 285 2539 astris
319 2509 420 2537 eum
455 2497 489 2538 C
511 2495 531 2551 ll
558 2498 791 2539 intulisset
819 2502 980 2552 scripsi
1006 2499 1221 2540 intulisse
1254 2500 1288 2540 0
1313 2497 1333 2553 ΙΙ
1362 2501 1413 2541 15
1444 2513 1632 2553 operam
1662 2500 1706 2540 B
1724 2498 1744 2555 ΙΙ

142 2553 234 2594 iter
255 2551 308 2593 Ρ1
331 2550 349 2607 Η
371 2556 518 2593 mater
539 2553 591 2593 P¹
615 2550 633 2607 Η
657 2556 709 2595 16
730 2552 902 2604 κόχλον
927 2556 1086 2595 Catast.
1118 2555 1334 2597 ieholaon
1359 2556 1392 2596 C
1410 2553 1428 2610 ΙΙ
1451 2559 1502 2598 17
1524 2558 1762 2611 notantum

141 2611 184 2651 P
201 2606 221 2663 ΙΙ
241 2602 315 2650 κδ’
339 2610 500 2664 θαιαεί..
523 2606 543 2663 [l
564 2611 616 2650 18
638 2611 756 2662 quod
778 2612 819 2650 P
836 2608 855 2663 [Ι
881 2614 1086 2664 tempore
1107 2612 1290 2664 Phyton
1319 2614 1603 2666 Vtempfore
1625 2613 1762 2664 phico

141 2667 184 2707 P
200 2670 405 2718 tempore
427 2666 574 2719 pycho
597 2666 637 2705 B
659 2664 677 2719 ΙΙ
698 2669 752 2707 20
774 2667 1012 2707 consilium
1032 2667 1248 2708 habuisse
1269 2681 1377 2708 num
1394 2670 1630 2710 Merkelius
1644 2672 1762 2722 prol.

140 2723 186 2763 in
218 2720 338 2762 Ouid.
368 2723 488 2763 Fast.
516 2736 562 2775 p.
595 2723 909 2763 LXXXVIII
946 2723 1207 2765 cohibuisse
1239 2724 1343 2764 dum
1374 2727 1415 2765 P
1453 2726 1762 2768 conhabuisse

143 2776 249 2819 dum
267 2778 311 2818 B
344 2778 607 2820 cohibuisse
639 2778 746 2819 dum
777 2792 880 2820 eum
910 2779 1068 2833 Breys.
1098 2777 1118 2833 Η
1146 2782 1199 2820 21
1230 2781 1333 2822 Pan
1364 2781 1496 2823 daret
1525 2782 1762 2824 Merkelius

141 2833 367 2887 panderet
396 2831 542 2890 01122
571 2835 773 2890 phitonis
804 2832 882 2891 ΡΗ
901 2835 1190 2878 inmanitatis
1219 2836 1261 2877 B
1299 2834 1319 2892 [Ι
