1982 3230
0 262 33 316 ’ξ’

0 322 18 356 ἶ

593 127 678 168 DE
710 123 1210 168 GLOSSATORIBVS
1485 123 1710 166 XXVIIII

47 253 49 256 ’
86 272 151 307 m.
180 271 218 305 s.
247 270 294 320 p.
321 252 392 305 45
426 253 650 304 laudatus
685 269 710 302 a
740 252 966 302 Fabricio
994 253 1057 302 111
1083 268 1131 318 p.
1160 249 1281 302 216.
1335 252 1586 302 inuenisse
1612 250 1707 300 sibi

85 342 224 391 uisus
266 346 339 390 est
381 338 693 389 Abrincatuis
735 338 869 387 hunc
915 338 1328 387 commentarium
1371 336 1708 387 Rauaissonus

0 441 15 482 ;’.
86 427 225 475 cuius
249 423 405 475 uerba
431 423 742 487 transscripsi
769 437 815 486 p.
846 421 1024 478 XXlll,
1069 423 1271 485 eiusque
1299 420 1587 485 particulam
1615 436 1708 471 nu-

0 557 6 561 .
84 524 176 575 per
210 509 264 559 B.
302 508 532 558 Haureau
569 507 720 557 edidit
772 507 988 573 (notices
1023 513 1071 555 et
1107 509 1327 556 extraz‘ts
1362 512 1444 555 ctt.
1484 505 1583 555 uol.
1620 505 1710 555 XX

0 632 37 642 ,.
84 609 134 659 p.
171 593 237 658 ΙΙ)
287 609 344 643 ex
379 594 442 643 M.
480 593 527 642 S.
567 593 890 642 Germanensi
939 591 1000 640 (le
1044 591 1230 646 Pratis,
1282 591 1364 654 qui
1412 605 1710 656 quamquam

0 691 2 735 ζ
83 679 144 729 ad
183 677 575 743 cognoscendam
612 675 978 741 philosophiam
1016 675 1360 725 scholasticam
1401 674 1530 724 utilis
1570 675 1709 726 uide-

0 746 38 837 {⁶
85 769 189 819 tur,
229 762 287 812 ad
326 763 619 812 Martianum
656 762 775 811 nihil
804 760 1049 811 commodi
1077 760 1271 816 afferet,
1312 761 1495 826 quippe
1532 762 1580 810 in
1610 776 1707 826 quo

83 846 229 912 plane
255 846 457 898 eaedem
486 847 797 912 corruptelae
823 847 1139 896 inueniantur
1166 853 1313 911 atque
1340 846 1388 894 in
1410 849 1593 896 nostris
1623 861 1705 895 co—

0 949 4 1013 ss
44 932 52 938 ’
87 930 294 981 dicibus.

225 1016 413 1066 Deinde
439 1017 752 1080 Remigius
779 1017 1329 1065 Antisiodorensis
1355 1017 1553 1065 Ioannis
1570 1016 1707 1065 Scoti

83 1100 303 1164 aequalis
340 1102 746 1150 commentarium
774 1102 995 1166 scripsit,
1038 1102 1175 1150 cuius
1202 1101 1447 1164 permulta
1477 1097 1704 1166 exempla

83 1191 348 1250 supersunt
394 1185 543 1235 ueluti
589 1185 871 1250 Lugduni
917 1186 1292 1235 Batauorum
1343 1186 1431 1235 εΒ.
1469 1188 1523 1236 Α.
1572 1201 1708 1235 com-

84 1271 311 1320 mentarii
336 1271 385 1319 in
412 1270 475 1319 M.
500 1271 549 1320 C.
579 1270 715 1320 MSS.
746 1272 794 1319 in
820 1268 874 1319 4>
904 1262 1246 1322 adseruantur'.
1287 1270 1446 1320 eidem
1473 1270 1707 1320 uidentur

84 1369 207 1418 quos
233 1354 326 1404 Iac.
355 1355 641 1404 Perizonius
678 1354 1007 1404 bibliothecae
1036 1354 1262 1404 Leidensi
1301 1354 1492 1418 legasse
1528 1355 1706 1404 dicitur

81 1453 108 1487 a
134 1437 360 1487 Fabricio
388 1439 454 1488 111
479 1454 526 1503 p.
555 1436 675 1489 217.

223 1522 628 1573 Vindobonae
654 1523 938 1574 Endlicheri
969 1524 1228 1581 CCCXXX‚
1259 1524 1399 1574 Mart.
1430 1539 1556 1573 saec.
1582 1524 1703 1581 XVI

3 1576 6 1577 γ
82 1622 196 1657 cum
230 1606 320 1656 alia
363 1609 623 1658 continens
658 1615 761 1659 tum
799 1624 847 1658 n.
885 1609 948 1658 lV
988 1610 1018 1658 f.
1060 1606 1304 1659 76—206
1357 1609 1444 1659 (Β.
1473 1611 1527 1658 Α.
1566 1608 1704 1658 Glos-

57 1690 162 1742 ‘sae
198 1692 247 1741 in
284 1690 434 1742 Marc.
475 1692 588 1758 Cap.
628 1694 688 1743 de
727 1693 783 1743 N.
823 1694 911 1744 Ph.
950 1701 997 1743 et
1035 1694 1133 1743 Μ.’
1171 1695 1391 1744 initium:
1440 1698 1519 1742 ‘tu
1559 1708 1706 1757 quem

82 1774 428 1840 psallentem..
482 1778 819 1828 Introducitur
870 1780 966 1827 hoc
1015 1778 1123 1827 loco
1178 1778 1419 1843 quaedam
1471 1779 1707 1827 Marciani

83 1862 239 1911 amica
274 1862 366 1911 hos
402 1876 580 1911 uersus
617 1863 666 1911 in
693 1863 883 1912 honore
911 1862 1126 1912 himenei
1162 1863 1401 1913 cecinisse
1437 1864 1522 1928 qui
1549 1862 1707 1912 fertur

17 1969 21 1972 ²
80 1945 204 1995 deus
239 1961 346 1996 esse
390 1947 682 2011 nupciarum
719 1946 800 1996 uel
837 1947 1132 1997 naturalium
1186 1948 1627 2011 concepcionum.'
1655 1987 1664 1997 .
1690 1986 1701 1997 .

89 2029 223 2080 finis:
265 2030 439 2080 ‘decet
462 2031 611 2094 igitur
639 2046 921 2082 sermonem
947 2034 1201 2082 racionem
1230 2047 1436 2081 uxorem
1464 2030 1666 2083 habere.

225 2115 295 2164 sic
322 2113 439 2164 felix
468 2114 621 2165 falsus
648 2117 807 2165 innuit
833 2115 956 2166 falsa
986 2115 1197 2180 Capella,

224 2214 435 2264 corpore
463 2202 544 2264 qui
571 2202 751 2251 meruit
776 2203 1008 2250 miseram
1036 2216 1170 2251 nunc
1198 2201 1382 2251 ducere
1409 2203 1575 2252 uitam.

85 2283 318 2333 Marciani
344 2284 490 2334 Minci
517 2284 692 2335 Felicis
720 2284 915 2349 Capelle
953 2285 1176 2336 Glossole
1213 2287 1262 2335 in
1297 2287 1531 2336 Musicam
1570 2303 1702 2337 com-

86 2368 246 2432 posite
272 2383 298 2417 a
325 2369 533 2418 Domino
561 2370 782 2435 Remigio
811 2369 1117 2436 expliciunt.'

227 2451 412 2503 Romae
447 2454 816 2519 Reginensis
850 2470 897 2504 n.
929 2454 1081 2506 1970.
1112 2455 1194 2505 fol.
1234 2456 1444 2506 membr.
1484 2472 1611 2507 saec.
1640 2458 1705 2506 XI

81 2536 273 2600 ‘incipit
300 2544 632 2589 commentum
659 2541 708 2588 in
736 2540 1059 2602 geometriam
1087 2541 1349 2591 Martiani.'

226 2621 653 2673 Abrincatuis:
691 2625 1028 2675 Rauaissonus
1067 2625 1113 2691 (l.
1144 2626 1173 2675 l.
1204 2641 1251 2689 p.
1284 2624 1400 2689 115)
1440 2628 1487 2675 in
1526 2627 1701 2677 eodem

15 2767 21 2787 ι
83 2705 254 2755 codice
290 2708 339 2755 in
377 2723 474 2772 quo
509 2710 669 2772 primo
697 2707 806 2758 loco
833 2710 1104 2760 Martianus
1142 2710 1322 2772 legitur
1360 2712 1571 2775 septimo
1606 2711 1703 2776 legi

82 2789 205 2840 haec
231 2791 411 2841 refert:
441 2793 632 2856 ‘incipit
658 2801 990 2844 commentum
1012 2795 1219 2857 Remigii
1244 2796 1292 2842 in
1323 2793 1450 2844 libro
1469 2795 1701 2847 Marciani

82 2874 231 2925 Minci
257 2875 435 2926 Felicis
463 2876 727 2942 Capellae.’
781 2878 1001 2929 ‘Titulus
1037 2881 1127 2927 iste
1155 2885 1364 2943 quatuor
1392 2883 1589 2932 nomina
1619 2882 1702 2932 dat
