1982 3230
267 100 378 166 284
423 106 426 107 ’
751 111 1049 154 MARTIANI
1079 112 1400 156 CAPELLAE

271 263 376 305 tres
403 261 450 304 et
477 259 724 319 quattuor.
774 253 826 301 hi
853 254 980 302 inter
1006 267 1058 302 se
1085 255 1393 318 incompositi
1419 262 1556 306 sunt:
1584 257 1690 307 siue
1715 259 1877 309 ternio
1971 309 1976 313 .

273 341 326 374 se
354 324 713 389 multiplicarit,
751 339 933 373 nouem
961 329 1008 373 et
1034 331 1289 388 quattuor,
1318 327 1426 375 siue
1453 329 1708 391 quaternio
1745 328 1876 383 idem
1952 335 1957 339 ’

275 395 463 452 fecerit,
492 394 708 444 sedecim
738 401 785 443 et
809 401 912 443 tres
937 396 1066 443 inter
1092 411 1144 445 56
1171 397 1484 461 incompositi
1511 404 1672 447 erunt.
1710 399 1751 448 si
1777 399 1874 448 duo

272 466 470 514 numeri
506 465 633 514 inter
671 479 722 513 se
758 466 1071 529 incompositi
1106 482 1158 515 se
1194 468 1327 532 ipsos
1363 467 1757 533 multiplicarint,
1796 470 1881 534 qui

275 552 334 585 ex
364 536 431 584 eis
457 536 576 585 fient
603 537 732 584 inter
760 551 811 584 se
851 537 1164 599 incompositi
1191 545 1360 595 erunt,
1397 544 1451 587 ut
1477 540 1516 588 si
1553 534 1751 589 eosde'm
1777 545 1880 589 tres
1921 551 1944 586 5

273 605 355 655 uel
400 612 631 671 quattuor
676 608 1034 671 sumpserimus
1079 613 1126 656 et
1168 615 1376 674 uterque
1420 624 1473 658 se
1523 609 1877 673 multiplicarit,
1906 659 1908 661 .

157 684 244 726 ’179
275 691 456 726 nouem
486 692 680 741 quoque
708 683 755 726 et
788 677 1000 726 sedecim
1038 679 1168 727 inter
1195 694 1247 727 se
1282 680 1591 743 incompositi
1617 686 1775 730 erunt.
1839 681 1890 735 si,

274 747 371 797 duo
394 749 587 796 numeri
607 749 734 797 inter
752 763 803 797 se
824 749 1136 811 incompositi
1155 756 1283 804 sunt,
1309 756 1356 798 et
1376 748 1498 799 alter
1516 766 1574 800 ex
1588 750 1663 799 his
1682 766 1736 801 se
1755 750 1881 799 mul-

272 817 513 882 tiplicabit
540 819 840 880 effectusque
867 819 936 867 sic
963 833 1200 868 numerus
1226 835 1398 869 rursus
1433 822 1535 885 ipse
1561 835 1614 870 se
1641 819 1874 886 multipli-

274 888 431 944 cabit,
469 889 553 953 qui
589 890 659 938 sic
703 889 905 937 effectus
940 895 1013 938 est
1058 904 1297 940 numerus
1334 906 1445 939 cum
1490 891 1645 940 altero
1671 890 1754 940 illo
1781 905 1882 941 non
1902 902 1948 936 10

274 961 604 1023 componitur.
663 960 761 1007 sint
788 959 883 1007 duo
910 964 957 1008 et
983 965 1098 1008 tres,
1155 960 1389 1009 uterlibet
1413 970 1649 1011 numerus
1675 977 1728 1012 se
1757 960 1883 1011 mul·
1946 1015 1948 1018 y

277 1029 479 1093 tiplicet,
511 1030 632 1077 fiunt
657 1028 732 1078 bis
759 1028 873 1078 bina
901 1035 1146 1093 quattuor,
1177 1036 1251 1079 ter
1277 1037 1420 1079 terna
1448 1046 1645 1080 nouem.
1709 1047 1881 1081 rursus

275 1100 367 1149 hos
394 1115 628 1149 numeros
669 1099 826 1149 eidem
867 1100 1204 1165 multiplicent.
1244 1101 1362 1150 fient
1388 1101 1463 1150 bis
1489 1106 1727 1166 quaterna
1754 1107 1882 1160 octo,

274 1177 350 1220 ter
377 1185 558 1220 nouem
596 1171 769 1234 uiginti
796 1176 1000 1234 septem.
1065 1179 1322 1220 sumantur
1349 1186 1479 1221 nunc
1506 1172 1602 1221 duo
1630 1179 1679 1222 et
1708 1173 1882 1235 uiginti

274 1248 465 1306 septem
501 1239 579 1289 uel
627 1241 722 1290 duo
761 1247 809 1290 et
853 1256 1059 1290 nouem:
1112 1257 1266 1306 aeque
1303 1242 1430 1291 inter
1474 1257 1527 1291 se
1572 1242 1884 1307 incompositi
1905 1253 1949 1288 15

275 1319 404 1362 sunt.
481 1314 522 1360 si
549 1312 645 1360 (160
672 1313 867 1360 numeri
894 1313 1021 1359 inter
1048 1327 1100 1360 se
1127 1313 1439 1377 incompositi
1465 1319 1577 1362 sunt
1604 1319 1651 1362 et
1674 1319 1884 1378 uterque

277 1397 330 1431 se
357 1380 724 1446 multiplicauit‚
755 1382 931 1430 deinde
960 1381 1186 1431 effectum
1215 1398 1273 1431 ex
1300 1398 1351 1431 se
1389 1398 1565 1431 rursus
1591 1382 1883 1447 multiplica-

277 1453 419 1509 uerit‚
442 1452 493 1501 hi
523 1467 716 1516 quoque
741 1453 824 1516 qui
848 1452 917 1500 516
942 1452 1101 1501 effecti
1123 1459 1248 1509 sunt,
1268 1460 1321 1501 ut
1338 1454 1386 1501 in
1403 1454 1471 1502 eis
1491 1454 1609 1516 ipsis
1629 1454 1713 1518 qui
1734 1463 1902 1518 supra*

278 1523 428 1586 positi
462 1528 577 1572 sunt
611 1525 746 1572 inter
779 1537 831 1571 se
876 1526 1194 1585 incomposilz'
1223 1531 1355 1573 sunt.
1431 1538 1546 1572 nam
1594 1539 1653 1572 ex
1691 1523 1883 1573 duobus

277 1599 412 1649 oct0‚
452 1608 509 1642 ex
536 1592 694 1642 tribus
731 1593 906 1656 uiginti
932 1599 1123 1656 septem
1151 1595 1221 1641 sic
1247 1593 1361 1642 facti
1386 1594 1512 1642 inter
1541 1608 1593 1642 se
1619 1608 1719 1642 non
1746 1608 1879 1643 com·
1895 1607 1942 1640 20

276 1668 545 1728 ponuntur.
621 1663 661 1710 si
688 1663 783 1712 (160
811 1664 1008 1711 numeri
1044 1664 1173 1712 inter
1200 1678 1251 1712 se
1279 1665 1592 1728 incompositi
1620 1668 1735 1713 sunt
1760 1665 1884 1714 etin

277 1748 432 1783 unum
459 1734 747 1796 iunguntur,
774 1733 854 1782 hic
880 1748 1115 1782 numerus
1140 1735 1221 1796 qui
1248 1735 1318 1783 516
1346 1735 1545 1784 effectus
1573 1739 1646 1783 est
1672 1735 1886 1799 conponi

279 1820 391 1854 cum
420 1803 657 1854 alterutro
685 1819 744 1852 ex
772 1803 1019 1867 prioribus
1045 1819 1145 1852 non
1172 1810 1349 1868 potest.
1402 1806 1442 1854 si
1467 1811 1569 1854 tres
1596 1810 1643 1854 et
1668 1806 1885 1869 quinque

276 1877 517 1924 inunum
555 1875 849 1938 iunguntur,
887 1874 1008 1922 fiunt
1043 1881 1170 1924 octo,
1235 1876 1283 1923 hi
1322 1890 1483 1940 neque
1520 1890 1630 1924 cum
1668 1876 1885 1939 quinque

165 1954 249 1996 ‘180
278 1960 440 2011 neque
469 1961 579 1993 cum
610 1944 768 1994 tribus
796 1945 1024 2008 componi
1059 1952 1280 2009 possunt.
1355 1947 1396 1994 si
1422 1960 1658 1995 numerus
1684 1946 1735 1993 in
1761 1945 1885 1994 duos
1907 1957 1952 2003 25

277 2017 408 2066 inter
436 2031 487 2064 se
513 2017 868 2079 incompositos
895 2016 1079 2064 diuisus
1107 2022 1205 2072 est,
1244 2017 1473 2079 componi
1509 2031 1620 2065 cum
1647 2015 1884 2065 alterutro

123 2093 262 2135 2616·
282 2101 455 2135 eorum
506 2100 606 2134 non
654 2092 830 2149 potest.
908 2085 1189 2134 diuidentur
1239 2101 1419 2135 nouem
1470 2087 1520 2135 in
1564 2091 1794 2149 quattuor
1838 2091 1888 2135 et

278 2157 510 2221 quinque.
587 2170 749 2218 neque
777 2170 887 2204 cum
916 2161 1143 2218 quattuor
1172 2171 1331 2220 neque
1367 2172 1479 2205 cum
1507 2158 1723 2220 quinque
1750 2171 1883 2204 com-

277 2227 396 2291 poni
432 2240 615 2275 nouem
641 2230 863 2289 possunt.
940 2227 980 2273 si
1018 2225 1114 2274 duo
1141 2227 1335 2275 numeri
1372 2241 1484 2275 cum
1508 2226 1699 2291 ¹<tertio
1736 2226 1886 2274 iuncti

277 2297 349 2346 sic
384 2296 565 2345 fuerint
601 2303 654 2345 ut
691 2311 862 2345 omnes
888 2296 1015 2344 inter
1042 2311 1093 2344 se
1128 2296 1440 2360 incompositi
1464 2296 1582 2353 sint,
1619 2295 1797 2345 deinde
1824 2310 1884 2344 ex
1907 2308 1951 2341 30

394 2481 418 2519 2
448 2478 781 2532 multiplicaret
810 2479 847 2519 R
895 2477 1278 2531 multiplicauerit
1308 2491 1331 2517 r
1379 2475 1397 2531 Η
1452 2479 1480 2518 4
1523 2477 1887 2530 multiplicarent

276 2533 337 2575 B¹
379 2533 398 2589 Η
437 2538 463 2577 5
496 2537 563 2576 615
584 2549 663 2577 om.
686 2532 746 2574 B*
777 2535 848 2574 his
868 2535 906 2574 R
953 2531 971 2587 Η
1021 2536 1046 2574 6
1077 2534 1459 2587 multiplicauerit
1488 2535 1511 2574 b
1551 2531 1570 2587 ΙΙ
1609 2535 1635 2575 8
1665 2532 1886 2586 multipli-

281 2592 408 2632 eauit
437 2592 518 2632 BR
565 2588 584 2645 Η
633 2593 658 2631 9
697 2603 853 2635 rursus
878 2613 934 2619 —
959 2594 1030 2631 est
1061 2603 1276 2631 numerus
1307 2603 1383 2631 om.
1416 2589 1471 2631 R¹
1521 2587 1539 2644 ΙΙ
1587 2590 1686 2642 ipse
1718 2601 1768 2630 se
1802 2589 1887 2630 BR

278 2647 359 2688 ille
390 2648 412 2688 b
521 2649 574 2689 13
604 2646 724 2688 idem
752 2646 834 2687 BR
881 2643 899 2700 [Ι
950 2647 1002 2687 15
1031 2647 1154 2687 inter
1183 2647 1326 2700 positi
1353 2645 1409 2687 R¹
1450 2643 1468 2700 Η
1507 2646 1560 2686 18
1590 2644 1707 2686 iisB
1736 2645 1827 2685 hiis
1850 2645 1885 2684 'b

277 2703 352 2744 his
374 2705 411 2744 R
520 2705 571 2744 19
603 2705 724 2744 inter
754 2716 803 2744 se
834 2704 1130 2756 incompositi
1160 2706 1266 2743 sunt
1296 2703 1396 2745 add.
1419 2703 1618 2755 Koppius
1655 2698 1675 2754 ΙΙ
1723 2703 1776 2741 22
1806 2700 1884 2740 hie
1909 2713 1918 2720 “

278 2761 318 2800 R
348 2760 396 2800 hi
415 2760 457 2800 B
497 2761 580 2801 del.
610 2760 633 2800 b
684 2757 701 2813 Ι]
749 2759 926 2800 numeri
946 2759 985 2799 R
1032 2756 1051 2813 Η
1100 2760 1155 2799 24
1183 2760 1433 2812 iunguntur
1462 2759 1486 2798 b
1534 2755 1552 2811 l}
1603 2769 1706 2798 cum
1734 2757 1775 2795 V
1804 2769 1887 2797 ne-

280 2828 367 2868 que
399 2817 423 2857 b
464 2828 790 2868 communeque
820 2815 903 2856 BR
942 2828 1176 2856 commune
1207 2828 1355 2868 neque
1385 2828 1410 2854 r
1456 2810 1476 2867 ΙΙ
1524 2814 1578 2854 26
1610 2812 1883 2866 incomposi-

279 2874 355 2912 tus
387 2872 424 2913 R
472 2870 492 2927 Η
536 2878 638 2925 post
670 2872 881 2925 componi
910 2872 1012 2915 add.
1033 2871 1153 2913 ‘oli-m
1184 2872 1207 2911 b
1257 2868 1276 2924 Η
