1982 3230
12 0 81 58 w
773 26 960 120 Lmim
986 74 1082 121 ν
1172 108 1176 110 Ἴ
1232 57 1297 106 ,353
1625 75 1732 128 185

112 235 376 284 personam
402 219 476 269 rei
510 217 816 269 subiectione
846 225 1112 276 mutamuS‚
1141 223 1224 269 aut
1247 233 1354 269 rem
1381 233 1614 284 persona,
1642 224 1725 267 aut

113 306 220 341 rem
245 306 320 346 re,
337 296 434 340 aut
467 303 730 354 personam
757 303 986 352 persona.
1038 303 1151 340 nam
1179 290 1221 339 si
1246 290 1295 338 in
1323 303 1469 339 causa
1495 290 1722 339 meretri-

113 363 183 410 cis
218 360 462 423 agendum
500 364 596 415 est,
636 374 741 408 rem
780 360 944 424 potius
980 359 1225 410 iudicibus
1260 359 1578 424 spectandam
1618 374 1725 409 esse

112 431 334 480 dicimus,
374 435 458 480 aut
484 430 524 478 si
550 427 759 479 libertus
784 428 993 479 alicuius
1016 429 1098 479 uel
1121 429 1276 479 cliens
1302 436 1429 493 agat,
1458 445 1722 494 personam

67 513 87 544 5
110 503 319 566 patroni,
347 515 447 548 non
464 499 608 550 huius
628 499 1035 550 considerandam
1062 514 1171 549 esse
1197 500 1552 550 admoneamus
1579 506 1726 565 atque

109 573 174 620 ita
200 578 376 620 cetera.

248 640 368 689 Vitia
407 655 530 689 uero
567 640 887 689 exordiorum
936 641 1027 689 ista
1065 646 1202 689 sunt:
1249 639 1457 702 uulgare
1495 641 1627 704 quod
1674 641 1722 689 in
1754 651 1840 691 549

108 712 267 760 omnis
294 726 464 760 causas
492 710 669 760 cadere
694 717 874 775 potest,
903 725 1166 759 commune
1193 725 1291 776 quo
1319 711 1463 760 etiam
1491 711 1724 760 aduersa-

106 782 210 831 rius
235 782 304 830 uti
330 786 515 845 potest,
545 782 847 830 contrarium
875 796 971 844 quo
999 780 1174 830 melius
1201 781 1517 831 aduersarius
1556 787 1722 830 utere-

45 863 88 895 10
111 859 204 907 tur,
238 851 517 901 affectatum
544 852 676 916 quod
704 858 788 901 aut
814 851 982 901 uerbis
1008 852 1251 901 inusitatis
1277 859 1362 901 aut
1381 851 1533 901 rebus
1561 860 1723 901 exter-

106 923 182 970 nis
209 922 487 984 profertur,
525 937 891 986 superuacuum
919 922 1049 985 quod
1087 937 1251 987 neque
1293 928 1531 972 attentum
1560 937 1722 986 neque

107 992 315 1042 docilem
360 1008 521 1057 neque
571 991 858 1041 beniuolum
904 992 1019 1040 facit
1064 992 1355 1042 auditorem.
1432 992 1720 1055 fugiendum

106 1069 363 1126 praeterea
393 1064 506 1111 satis
531 1062 735 1125 longum
762 1068 811 1112 et
837 1062 1120 1111 obscurum.

213 1146 671 1211 <NARRAT10NVM
699 1162 880 1210 genera
907 1155 1023 1196 sunt
1047 1153 1302 1212 quattuor:
1331 1147 1532 1197 historia
1557 1146 1724 1198 fabula
1754 1158 1838 1199 550

50 1227 91 1258 15
116 1224 478 1280 argumentum,
506 1217 763 1279 negotialis
789 1216 870 1266 uel
896 1217 1137 1266 iudicialis
1163 1218 1383 1266 assertio,
1441 1229 1724 1268 HISTORIA

108 1293 182 1335 est
206 1293 260 1336 ut
283 1287 427 1336 Liuii.
503 1298 735 1335 FABVLA
771 1302 932 1352 neque
959 1302 1078 1337 uera
1109 1295 1184 1336 est
1213 1301 1374 1352 neque
1410 1289 1518 1336 ueri
1551 1288 1723 1337 similis

105 1364 160 1405 ut
196 1357 456 1420 ‘Daphnen
491 1359 542 1405 in
590 1356 822 1407 arborem
868 1359 1101 1407 uersam’.
1175 1369 1585 1407 ARGVMENTVM
1632 1365 1720 1415 est,
1746 1368 1879 1410 1816

106 1427 235 1491 quod
275 1442 375 1476 non
411 1427 536 1475 sacta
576 1427 661 1477 sed
690 1442 814 1491 quae
857 1429 966 1477 fieri
992 1434 1262 1493 potuerunt
1298 1430 1542 1486 continet,
1583 1436 1634 1478 ut
1673 1430 1723 1478 in

67 1506 70 1509 ’
109 1497 377 1547 comoediis
406 1501 616 1561 ‘patrem
645 1499 826 1548 timeri'
856 1505 904 1548 et
939 1500 1112 1548 ‘amari
1151 1500 1506 1548 meretricem'.
1570 1511 1722 1549 IVDI-

43 1578 86 1610 20
109 1578 299 1618 CIALlS
327 1574 488 1618 autem
516 1570 735 1627 narratio
764 1575 837 1618 est
862 1584 1031 1618 rerum
1060 1576 1307 1632 gestarum
1336 1576 1420 1619 aut
1447 1571 1555 1619 ueri
1585 1573 1719 1618 simi-

105 1637 223 1687 lium
253 1640 508 1703 expositio,

246 1723 552 1772 Narrationis
590 1730 751 1772 autem
782 1723 954 1773 laudes
979 1731 1081 1774 tres
1109 1730 1247 1781 sunt,
1287 1730 1341 1773 ut
1365 1723 1523 1773 lucida
1553 1726 1630 1782 sit,
1669 1731 1723 1773 ut
1752 1737 1833 1776 551

106 1794 212 1842 ueri
238 1793 425 1849 similis,
456 1801 507 1842 ut
532 1793 715 1851 breuiS‚
745 1800 794 1842 et
818 1794 893 1842 his
920 1796 1165 1843 contraria
1192 1796 1309 1844 uitia
1335 1801 1594 1852 uocantur.
1647 1794 1721 1844 lu-

107 1863 212 1913 cida
241 1869 313 1912 est
339 1865 641 1920 narrati0,.si
667 1879 766 1912 non
794 1865 1009 1920 confusa,
1038 1865 1078 1913 si
1104 1881 1239 1922 uera,
1267 1866 1310 1914 si
1328 1866 1517 1924 usitatis
1538 1866 1720 1930 signifi-

25 1949 86 1985 .25
110 1932 409 1990 cationibuS,
450 1934 489 1982 si
515 1949 614 1981 non
651 1933 800 1997 longo
829 1936 1036 1983 circuitu
1064 1950 1170 1983 rem
1199 1942 1548 1986 monstremus
1611 1937 1721 1986 ueri

106 2003 293 2059 similiS,
317 2004 356 2052 si
376 2004 499 2052 nihil
521 2004 761 2054 adsectate
783 2011 831 2054 et
851 2007 989 2069 quasi
1011 2020 1068 2054 ex
1087 2011 1261 2054 natura
1281 2020 1531 2070 exponere
1553 2007 1720 2055 uidea-

106 2088 234 2122 mur.
293 2073 474 2130 breuiS‚
504 2075 543 2123 si
574 2090 672 2122 non
700 2074 827 2124 ultra
856 2090 1003 2140 quam
1030 2090 1112 2125 res
1139 2077 1290 2140 exigit
1316 2082 1364 2125 et
1389 2076 1581 2141 prolixe
1608 2076 1719 2126 fun-

107 2143 251 2192 datur
277 2143 535 2210 assertio>

247 2213 592 2264 Narrationum
620 2214 742 2265 aliae
767 2222 884 2265 ‘sunt
908 2217 1065 2281 ipsius
1092 2232 1269 2267 causae
1297 2224 1346 2266 et
1364 2218 1564 2281 negotii,
1595 2216 1718 2267 aliae

44 2298 85 2330 30
109 2284 396 2338 incidentes,
471 2286 627 2350 ipsius
673 2301 848 2336 causae
886 2294 1025 2343 sunt,
1072 2287 1178 2336 sine
1222 2287 1402 2351 quibus
1439 2303 1546 2345 reS‚
1593 2302 1721 2350 quae

107 2354 291 2416 agitur,
330 2354 544 2419 intellegi
570 2371 669 2405 non
695 2363 873 2421 potest.
948 2357 1246 2414 incidentes,
1277 2373 1403 2423 quae
1431 2364 1514 2406 aut
1538 2357 1720 2421 proba-

222 2552 244 2590 1
276 2554 459 2590 utamus
481 2550 540 2590 B¹
580 2547 600 2604 11
640 2553 662 2591 7
698 2557 804 2592 sunt
833 2566 909 2592 om.
936 2551 992 2592 B¹
1047 2552 1054 2607 Ι
1104 2555 1156 2594 13
1186 2554 1210 2594 b
1242 2567 1298 2594 ne
1331 2554 1394 2594 sit
1424 2555 1592 2594 addidit
1618 2560 1720 2606 post

107 2611 349 2658 praeterea
398 2603 417 2660 Η
467 2609 518 2646 14
549 2607 630 2647 DE
662 2607 1015 2650 NARRATION
1079 2612 1224 2649 titulus
1252 2611 1296 2649 in
1324 2609 1407 2650 BR
1454 2606 1474 2664 Ι]
1524 2611 1576 2649 16
1616 2610 1720 2650 libii

109 2660 167 2702 B¹
217 2659 236 2716 Η
287 2664 336 2703 17
378 2662 562 2715 daphim
594 2663 636 2702 B
676 2663 894 2716 daphnim
925 2666 966 2704 D
1014 2662 1033 2718 {l
1081 2677 1263 2705 uersum
1295 2665 1319 2704 b
1367 2662 1387 2718 Η
1435 2668 1490 2707 23
1531 2669 1577 2706 et
1606 2667 1646 2706 is
1676 2666 1720 2706 B

113 2721 158 2758 et
186 2725 237 2757 ut
266 2718 338 2759 his
370 2720 604 2766 contraria
635 2720 753 2759 uitia
783 2720 986 2760 uitentur
1016 2721 1211 2761 Halmius
1257 2718 1278 2775 I]
1326 2723 1382 2761 24
1420 2722 1461 2762 si
1490 2734 1543 2762 us
1575 2723 1717 2775 signi-

109 2771 401 2884 {icationibblllls
431 2774 488 2814 B¹
538 2772 560 2829 H
608 2777 661 2816 25
700 2774 886 2829 longum
919 2777 1158 2817 circumito
1188 2776 1246 2816 B¹
1296 2773 1316 2830 [Ι
1373 2778 1428 2818 26
1467 2782 1597 2818 extra
1636 2792 1717 2819 na-

130 2840 258 2869 uram
