1982 3230
1208 0 1219 5 ““
1229 8 1238 11 “
1247 0 1298 22 ἶζῖῗ
1312 0 1440 22 ’ν”κἾῖ-ΪἾ
1450 0 1617 30 κ’·ζΨ-Ὲῆ.

1448 34 1457 42 ,

308 135 419 190 290
788 137 1089 179 MARTIAM
1119 124 1440 180 CAPELLAE

316 280 463 327 nitur.
523 279 618 330 sint
645 276 744 325 dati
769 282 871 326 tres
899 279 1093 326 numeri
1119 278 1214 327 duo
1257 285 1356 328 tres
1382 285 1629 344 quattuor.
1697 295 1921 331 summus

317 349 357 397 is
382 361 618 396 numerus
654 347 739 411 qui
774 348 1004 396 minimus
1041 355 1088 397 et
1123 349 1171 396 in
1199 348 1528 413 duplicatione
1555 358 1602 399 et
1627 351 1678 398 in
1705 351 1918 416 triplica-
1976 357 1982 364 '

316 420 450 466 tione
477 432 760 466 mensuram
787 417 950 466 habet.
987 419 1029 466 is
1056 425 1130 468 est
1157 421 1394 469 senarius,
1463 421 1830 471 consideremus
1857 437 1918 472 an

316 488 398 536 hic
426 488 570 536 etiam
599 489 797 536 tii-tium
827 498 884 536 ex
914 487 1069 537 tribus
1095 489 1140 538 id
1170 496 1243 538 est
1268 491 1642 554 quaternionem
1669 493 1915 542 metiatur.

316 559 356 606 si
384 559 653 613 metiretur,
683 565 936 622 repertum
965 559 1010 607 id
1035 566 1162 630 esset
1187 561 1316 625 quod
1346 563 1632 641 requisitum
1656 569 1744 611 est.
1785 577 1916 612 nunc
1957 573 1982 606 ὁ

315 643 415 677 non
453 629 671 678 metitur.
732 631 1025 693 aspiciamus
1060 644 1177 693 ergo
1214 645 1358 693 quem
1398 631 1650 680 minimum
1687 637 1920 696 quattuor

317 705 364 749 et
389 704 491 748 tres
526 701 803 748 metiantur.
864 700 904 748 is
932 705 1004 747 est
1030 699 1304 750 duodecim.
1363 715 1481 764 ergo
1515 701 1555 749 is
1583 709 1655 751 est
1688 704 1920 751 minimus

315 784 461 834 quem
492 785 663 818 omnes
688 768 755 817 illi
790 776 891 818 tres
917 771 1078 818 metiri
1113 777 1335 835 possunt.
1395 787 1508 820 nam
1545 771 1691 821 ethis
1729 787 1844 821 sena
1873 778 1921 837 et

316 846 395 888 ter
421 846 659 904 quaterna
685 846 733 888 et
770 846 945 902 quater
971 846 1108 889 terna
1147 841 1403 891 duodecim
1431 843 1566 892 fiunt.
1626 847 1672 891 et
1697 842 1776 891 hic
1798 858 1918 908 quo-

318 926 414 974 que
451 925 648 960 omnem
694 925 982 968 numerum,
1028 912 1113 975 qui
1148 911 1405 960 duodecim
1455 911 1786 975 multiplicatis
1821 913 1917 969 fiet,
1942 926 1982 958 ιο

199 982 287 1023 790
317 981 446 1029 idem
475 979 542 1028 illi
579 981 773 1029 numeri
810 987 910 1029 tres
937 983 1220 1030 metiuntur.
1290 981 1372 1030 ubi
1399 981 1495 1030 duo
1522 984 1713 1032 numeri
1747 998 1918 1032 nume-

316 1066 428 1100 rum
456 1050 666 1114 aliquem
696 1051 979 1107 metiuntur,
1009 1052 1090 1114 qui
1118 1053 1350 1100 minimus
1375 1052 1424 1099 in
1451 1051 1544 1101 illis
1564 1052 1756 1102 duobus
1782 1069 1917 1102 men·

316 1136 482 1170 suram
521 1121 690 1178 habet,
735 1121 951 1170 eiusdem
995 1121 1123 1170 illius
1160 1124 1351 1170 numeri
1387 1137 1616 1172 mensura
1654 1128 1740 1172 est.
1823 1124 1921 1172 sint

318 1191 418 1239 dati
453 1191 727 1241 duodecim.
795 1191 886 1239 hos
922 1198 969 1241 et
996 1192 1090 1240 duo
1130 1198 1176 1241 et
1212 1199 1310 1241 tres
1345 1194 1628 1242 metiuntur.
1691 1194 1920 1253 minimus

317 1269 480 1310 autem
510 1277 761 1318 numerus,
787 1277 932 1326 quem
957 1261 1022 1310 illi
1044 1262 1140 1311 duo
1162 1264 1446 1318 metiuntur,
1475 1265 1711 1312 senarius.
1753 1265 1918 1327 atquin
1943 1275 1982 1309 ιε

317 1332 448 1381 idem
488 1333 631 1380 etiam
660 1332 918 1381 duodecim
955 1334 1170 1381 metitur.
1228 1349 1339 1380 nam
1368 1334 1560 1382 sexiens
1595 1333 1709 1383 bina
1735 1333 1920 1383 duode-

319 1404 413 1451 cim
441 1408 568 1451 sunt.
638 1402 767 1450 idem
796 1403 847 1450 fit
881 1403 929 1449 in
959 1418 1016 1450 eo
1053 1418 1289 1460 numero,
1319 1419 1464 1467 quem
1504 1410 1604 1452 tres
1642 1403 1790 1468 aliqui
1816 1420 1918 1454 me-

321 1474 522 1520 tiuntur.
596 1487 706 1521 nam
744 1472 877 1522 hunc
903 1487 1097 1537 quoque
1134 1473 1331 1522 metitur
1359 1475 1439 1537 qui
1478 1476 1707 1522 minimus
1742 1475 1791 1522 iu
1828 1473 1920 1522 illis

317 1543 479 1592 trihus
506 1558 787 1592 mensuram
817 1542 979 1591 habet.
1043 1550 1289 1606 ponantur
1318 1544 1486 1606 uiginti
1526 1550 1768 1607 quattuor.
1829 1544 1922 1593 hos

320 1620 369 1662 et
406 1613 501 1661 duo
543 1619 589 1661 et
627 1620 726 1661 tres
766 1619 813 1660 et
852 1618 1082 1676 quattuor
1132 1615 1425 1670 metiuntur,
1477 1614 1708 1663 minimus
1757 1622 1918 1663 autem
1941 1626 1982 1659 20

322 1698 584 1737 numerus,
625 1684 707 1747 qui
747 1689 819 1731 est
857 1683 1137 1740 duodecim,
1178 1685 1227 1730 in
1266 1684 1419 1732 isdem
1458 1683 1553 1731 iliis
1593 1683 1748 1733 tribus
1785 1699 1920 1745 men-

323 1768 488 1802 suram
528 1753 691 1802 habet.
743 1754 907 1816 atquin
935 1753 1012 1801 hic
1041 1769 1235 1818 quoque
1264 1770 1347 1803 eos
1387 1755 1468 1816 qui
1494 1755 1664 1818 uiginti
1691 1761 1920 1818 quattuor

321 1833 437 1874 sunt
462 1825 677 1872 metitur.
731 1839 841 1871 nam
870 1823 1168 1872 duodeciens
1194 1824 1307 1872 bina
1338 1825 1507 1887 uiginti
1535 1831 1762 1889 quattuor
1789 1832 1918 1873 sunt.

205 1895 287 1936 791
323 1895 361 1942 si
382 1893 482 1942 hini
509 1895 702 1942 numeri
728 1895 942 1943 maiores
968 1895 1280 1958 minoresque
1300 1900 1550 1958 ponuntur
1576 1897 1646 1944 sic
1669 1902 1721 1944 ut
1747 1895 1920 1944 eadem

320 1966 444 2014 ratio
470 1965 598 2012 inter
625 1966 835 2013 maiores
874 1966 1183 2029 minoresque
1210 1967 1292 2021 sit,
1323 1965 1546 2027 quotiens
1584 1967 1740 2014 maior
1767 1967 1982 2014 maio-22⁵

321 2051 444 2092 rem,
474 2036 650 2083 totiens
676 2036 837 2082 minor
876 2035 1115 2083 minorem
1147 2036 1357 2084 metitur.
1409 2036 1505 2084 sint
1532 2037 1722 2084 numeri
1749 2035 1844 2084 duo
1873 2041 1922 2084 et

319 2104 663 2153 treS.-deinde
692 2110 802 2152 octo
831 2111 877 2153 et
905 2104 1179 2153 duodecim.
1240 2105 1411 2154 eadem
1438 2107 1565 2154 inter
1591 2107 1803 2154 maiores
1829 2106 1919 2154 mi-

316 2189 564 2238 noresque
590 2188 824 2222 numeros
861 2175 986 2222 ratio
1024 2181 1110 2223 est.
1169 2189 1280 2224 nam
1310 2182 1356 2223 et
1381 2183 1481 2223 tres
1508 2175 1699 2224 duobus
1725 2182 1773 2224 et
1798 2175 1920 2224 duo·

435 2316 460 2354 2
492 2314 563 2354 his
583 2313 639 2353 B¹
683 2311 701 2367 {l
749 2317 775 2355 3
806 2315 865 2354 ad
893 2315 933 2354 is
966 2317 1036 2354 est
1064 2315 1165 2355 add.
1200 2312 1248 2354 al
1278 2314 1324 2353 id
1357 2317 1427 2354 est
1457 2314 1481 2354 b
1520 2316 1538 2368 [1
1585 2316 1610 2355 5
1642 2318 1764 2355 esset
1795 2315 1818 2354 b
1851 2317 1923 2356 est

322 2375 368 2412 et
397 2370 440 2410 B
473 2376 543 2410 est
572 2371 610 2411 R
649 2368 668 2424 Π
715 2371 739 2410 7
778 2371 996 2411 metiatur
1026 2370 1063 2410 R
1108 2366 1127 2423 Η
1174 2371 1222 2409 in
1260 2376 1357 2410 ante
1388 2370 1478 2410 XII
1508 2372 1609 2412 add
1642 2371 1665 2411 b
1704 2368 1724 2425 ΙΙ
1770 2370 1817 2409 id
1849 2374 1923 2411 est

319 2441 433 2469 corr.
464 2428 506 2466 in
536 2427 577 2466 is
600 2431 670 2466 est
692 2426 731 2465 B
763 2425 813 2466 al
842 2426 961 2466 idem
993 2428 1091 2469 add
1115 2427 1138 2466 b
1235 2427 1446 2467 minimus
1466 2426 1548 2467 BR
1577 2439 1790 2467 numerus
1821 2428 1844 2467 h
1882 2423 1905 2479 ΙΙ

319 2485 346 2525 8
378 2483 556 2536 possint
575 2481 675 2523 B¹R
714 2479 734 2536 {l
780 2484 805 2523 9
837 2483 913 2522 hic
933 2482 1015 2523 BR
1046 2483 1085 2523 is
1116 2483 1139 2523 b
1238 2484 1290 2523 10
1322 2483 1400 2534 qui
1421 2496 1447 2522 a
1469 2483 1558 2522 XII
1588 2483 1611 2522 b
1663 2479 1668 2536 Ι
1708 2482 1819 2524 fient
1838 2482 1922 2522 BR

321 2539 373 2581 al
404 2542 450 2579 et
480 2541 580 2580 add.
614 2539 637 2579 b
685 2536 704 2593 Η
754 2540 807 2579 14
837 2537 874 2578 &
902 2539 996 2579 IIII
1026 2545 1141 2579 ante.
1156 2539 1407 2578 metiuntur
1437 2541 1537 2580 add.
1570 2538 1593 2578 b
1639 2535 1647 2592 Ι
1709 2541 1761 2579 15
1792 2539 1921 2591 atqui

320 2597 343 2636 b
383 2593 426 2649 ll
445 2597 495 2636 16
527 2595 649 2635 idem
678 2595 834 2647 scripsi
862 2594 1007 2635 isdem
1027 2594 1110 2635 BR
1137 2591 1155 2649 ΙΙ
1184 2595 1334 2635 sexies
1365 2595 1415 2634 br
1452 2591 1472 2649 ss
1515 2590 1567 2635 18
1597 2595 1704 2634 hine
1729 2592 1844 2634 B¹R¹
1882 2592 1902 2648 Η

315 2658 417 2704 post
455 2653 644 2692 metitur
680 2653 780 2694 add.
814 2651 975 2703 atquin
1017 2650 1249 2703 quinarius
1282 2664 1458 2717 quoque
1495 2663 1706 2691 numerus
1736 2651 1922 2690 sexiens

318 2709 506 2749 metitur
535 2705 592 2747 B¹
635 2704 653 2760 Η
701 2709 754 2747 21
788 2707 866 2760 qui
898 2707 978 2747 BR
1007 2707 1053 2746 id
1083 2707 1107 2747 b
1128 2703 1166 2761 ss
1213 2709 1413 2747 numeris
1442 2712 1542 2758 post
1569 2705 1663 2746 illis
1693 2707 1794 2746 add.
1817 2706 1841 2746 b
1881 2704 1902 2759 Η

319 2766 374 2804 22
407 2765 532 2816 atqui
564 2764 587 2804 b
636 2762 655 2816 11
703 2765 756 2804 23
797 2764 918 2803 binis
950 2764 988 2803 R
1035 2759 1054 2816 Η
1102 2765 1157 2803 24
1187 2764 1385 2803 numeris
1415 2761 1512 2802 RB¹
1560 2758 1580 2815 ΙΙ
1628 2763 1919 2814 maioresque

319 2822 471 2860 omisso
502 2820 700 2860 minores
730 2817 852 2860 B¹R¹
899 2817 919 2872 {l
967 2820 1020 2858 26
1051 2821 1111 2859 ad
1138 2820 1359 2859 minorem
1390 2819 1488 2859 add.
1519 2816 1541 2858 l
1569 2819 1786 2859 maiorem
1819 2818 1843 2858 b
1880 2815 1904 2871 ss

318 2879 368 2916 et
396 2876 467 2917 111
498 2876 629 2928 (corr.
652 2889 709 2917 ex
738 2874 847 2929 1111)
879 2875 922 2915 B
951 2874 1004 2915 ul
1032 2876 1132 2916 add.
1165 2874 1188 2916 b
1235 2871 1255 2929 ss
