1982 3230
267 131 378 184 302
753 130 1050 172 MARTIANI
1081 131 1402 174 oAPmiLAE

274 271 534 336 tegendam
563 272 728 334 potius
754 286 899 336 quam
928 270 1276 336 diuulgandam
1314 273 1688 336 cognouissent!
1737 287 1880 324 num-

276 357 423 406 quam
452 340 673 404 profecto
701 342 890 390 itineris
926 343 1144 391 rationes
1179 342 1464 406 reditusque
1500 344 1653 392 uestri
1677 344 1728 392 in
1754 344 1881 392 noti-

277 413 391 460 tiam
420 411 674 460 hominum
702 427 759 460 ac
793 411 1070 461 mortalium
1109 427 1341 462 curarum
1377 411 1612 462 inluuiem
1650 414 1881 477 perueni-

161 490 246 533 813
276 489 403 530 rent.
480 482 563 531 sed
603 483 835 545 quoniam
878 489 1145 548 utcumque
1179 484 1228 531 in
1256 482 1452 532 Graiam
1486 485 1708 533 notitiam
1745 498 1880 532 erra-

275 551 439 601 bunda
469 553 694 617 perueni,
723 553 949 601 sufficere
977 554 1194 618 oportuit
1214 554 1447 618 quicquid
1474 553 1881 604 abEratosthene
1922 565 1950 600 5

273 621 557 672 Ptolemaeo
585 623 868 687 Hipparcho
907 625 1183 689 ceterisque
1221 623 1500 687 uulgatum,
1538 639 1600 674 ne
1636 639 1715 674 me
1752 622 1882 674 ultra

273 692 508 757 loquendi
533 696 801 742 necessitas
828 697 1125 757 ingrauaret.
1169 701 1330 744 tamen
1353 696 1464 759 quia
1485 709 1564 743 me
1586 693 1882 746 alumnantis

275 763 642 827 erudientisque
694 762 895 828 Cyllenii
943 766 1155 814 reticere
1207 780 1305 813 non
1355 765 1596 829 permittit
1645 764 1878 820 officium,
1974 823 1980 828 ,

274 834 530 898 nostrique
557 834 700 882 studii
718 840 909 883 secreta
930 834 1207 884 discludere
1235 834 1449 884 sollertia
1472 850 1670 899 quoque
1691 834 1879 884 nuben-
1899 869 1903 875 .

274 905 337 952 tis
363 904 550 961 inuitat,
580 904 709 968 apud
738 920 828 953 uos
855 907 1024 967 superi
1051 905 1385 969 caelestesque
1407 907 1488 968 qui
1517 913 1680 955 uestra
1707 919 1880 954 recen·
1903 917 1950 950 lo

273 973 442 1023 sebitis
469 973 686 1023 meacula
716 989 810 1023 non
839 974 1027 1024 tacebo,

160 1053 243 1094 814
415 1044 626 1094 Mundus
652 1045 799 1108 igitur
837 1061 892 1094 ex
923 1052 1155 1109 quattuor
1183 1044 1440 1095 elementis
1474 1046 1729 1109 isdemque
1769 1046 1881 1094 totis

274 1116 325 1162 in
363 1114 604 1178 sphaerae
642 1115 839 1165 modum
880 1115 1115 1179 globatiS‚
1166 1122 1350 1165 terram
1395 1117 1446 1164 in
1482 1117 1644 1166 medio
1680 1117 1880 1179 imoque

273 1184 519 1249 <defixam
558 1187 771 1234 aeternis
810 1185 930 1235 caeli
957 1187 1180 1250 raptibus
1219 1188 1618 1236 circumcurrens
1654 1185 1880 1235 circulari

274 1256 485 1319 quadam
521 1258 710 1304 ratione
747 1256 1063 1306 discriminat.
1123 1272 1417 1321 quamquam
1456 1255 1732 1306 auscultare
1756 1256 1879 1320 phy·
1901 1267 1948 1301 15

275 1327 388 1374 sicis
415 1328 462 1374 in
491 1328 598 1390 ipso
625 1327 879 1375 astruendi
904 1327 1072 1375 limine
1100 1343 1198 1376 non
1229 1328 1491 1389 dedigner,
1522 1329 1605 1391 qui
1630 1326 1881 1376 subtilium

276 1411 543 1460 corporum
584 1397 963 1445 teneritudinem
991 1397 1092 1445 suis
1129 1397 1380 1446 coactibus
1417 1398 1801 1446 circumductam
1827 1397 1878 1445 in

121 1475 256 1520 275G
279 1467 515 1531 quasdam
561 1472 718 1516 sectas
762 1469 865 1516 uias
908 1474 956 1516 et
999 1466 1297 1516 circulorum
1341 1467 1736 1532 intercapedines
1779 1481 1879 1515 non

275 1537 569 1602 aestimant>
597 1538 863 1601 disparari,
894 1538 977 1586 sed
1006 1540 1106 1588 suis
1132 1537 1361 1587 fluctibus
1389 1538 1711 1588 adhaerentes
1737 1543 1877 1586 natu-

272 1621 354 1655 ras
399 1607 760 1670 undiquesecus
815 1607 1019 1671 globoso
1065 1607 1250 1656 ambitu
1307 1607 1610 1673 orbibusque
1655 1607 1874 1657 diffundi.
1899 1620 1943 1653 20

274 1692 481 1740 quarum
519 1679 648 1726 circa
687 1677 928 1734 medium,
970 1678 1098 1743 quod
1129 1678 1295 1727 dixere
1322 1685 1546 1744 centron,
1587 1693 1741 1743 aquae
1777 1678 1877 1741 pri-

272 1763 433 1804 mum,
475 1749 705 1811 aerisque
740 1763 976 1813 sequens,
1014 1750 1212 1797 tertium
1240 1750 1366 1811 ignis
1401 1750 1538 1811 κῦμα
1576 1763 1875 1798 commemo-

275 1824 410 1874 rant;
451 1826 498 1867 et
524 1824 640 1868 tunc
668 1820 840 1882 quinto
868 1819 1081 1884 quodam
1120 1835 1390 1883 corporeae
1428 1819 1726 1868 substantiae
1754 1825 1876 1867 tem-

274 1896 564 1953 peramento
592 1889 837 1938 aetherios
865 1889 1222 1939 circumuolare
1249 1889 1483 1954 fulgores,
1513 1906 1607 1953 quo
1629 1889 1737 1939 loco
1763 1888 1878 1938 solis

272 1959 417 2008 lunae
445 1974 500 2008 ac
528 1959 745 2008 siderum
784 1960 1103 2025 signiferique
1131 1959 1264 2010 orbis
1291 1976 1344 2009 se
1380 1959 1640 2023 obliquitas
1667 1961 1875 2009 circum·
1898 1971 1942 2005 25

275 2029 430 2085 ducit,
462 2029 595 2094 quod
630 2030 1090 2094 κυκλοφορητικὸν
1128 2032 1263 2093 κῦμα
1290 2032 1537 2095 gymnasia
1565 2029 1874 2080 rettulerunt.

272 2197 331 2237 lis
368 2197 537 2238 Grotius
585 2198 918 2250 contegendam
951 2199 1150 2250 Koppius
1189 2198 1403 2252 palliolos
1436 2196 1539 2250 (nec
1571 2200 1672 2239 add.
1702 2197 1744 2250 r)
1785 2210 1876 2238 non

271 2253 518 2305 tegendam
539 2253 620 2294 BR
658 2251 678 2307 ΙΙ
720 2258 740 2294 1
776 2266 911 2306 quam
943 2254 1267 2307 diuulgandam
1289 2268 1365 2297 om.
1387 2256 1425 2295 R
1458 2254 1476 2308 ΙΙ
1513 2260 1612 2307 post
1632 2253 1874 2307 diuulgau-

272 2309 374 2349 dam
407 2310 508 2349 add.
542 2310 693 2362 potius
727 2309 783 2349 Βι
832 2307 850 2364 Η
910 2312 1236 2363 cognouissent
1266 2311 1289 2352 b
1330 2324 1596 2364 cognossem
1626 2311 1668 2350 B
1708 2322 1874 2363 cogno-

272 2365 488 2406 scendam
511 2366 548 2406 R
587 2363 605 2419 Η
646 2368 670 2406 2
702 2367 845 2406 iteras
866 2366 946 2407 BR
977 2368 1106 2408 iteris
1127 2367 1150 2407 b
1182 2368 1360 2408 initeris
1381 2382 1405 2406 r
1426 2381 1539 2408 corr.
1560 2381 1590 2419 p
1624 2363 1644 2421 Η
1683 2367 1708 2407 5
1740 2365 1874 2418 quid-

272 2422 381 2473 quid
405 2420 461 2461 3¹
502 2418 521 2476 Η
562 2425 824 2463 eratostene
846 2423 884 2463 R
913 2423 1206 2465 heratostene
1228 2423 1270 2462 B
1307 2420 1326 2478 ΙΙ
1367 2425 1391 2463 6
1421 2423 1652 2476 ptolomeo
1683 2423 1873 2476 ipparco

269 2478 351 2518 BR
390 2474 409 2532 Η
457 2480 480 2519 7
514 2482 559 2519 et
590 2484 687 2519 ante
720 2483 875 2519 tamen
903 2481 1005 2520 add.
1035 2478 1092 2518 B¹
1140 2476 1160 2534 [l
1207 2482 1232 2521 8
1276 2480 1447 2532 cylleni
1474 2478 1575 2520 B¹R
1622 2477 1642 2533 [l
1689 2482 1714 2519 9
1752 2478 1875 2519 studi

269 2533 328 2574 B¹
381 2532 388 2588 l
430 2536 481 2575 10
514 2539 624 2587 aput
653 2533 714 2573 Β1
751 2531 772 2589 ss
822 2537 872 2575 12
905 2535 1173 2587 hisdemque
1200 2535 1282 2577 BR
1327 2533 1347 2591 [l
1390 2538 1449 2577 '13
1479 2537 1671 2589 spereR
1709 2547 1873 2587 sperae

269 2590 311 2630 B
359 2587 365 2643 Ι
427 2589 629 2644 globatis
649 2590 718 2630 Br
747 2591 962 2644 globatus
992 2591 1056 2632 bR
1093 2588 1113 2646 ΙΙ
1154 2594 1205 2633 15
1235 2593 1394 2644 fysicis
1415 2592 1500 2632 BD
1536 2588 1556 2645 Η
1594 2593 1648 2632 22
1680 2602 1874 2631 comme-

270 2648 420 2687 mor'at
449 2647 499 2687 br
544 2643 567 2701 [1
616 2649 670 2688 23
699 2653 798 2699 post
829 2647 1023 2700 quodam
1052 2650 1154 2689 add.
1182 2648 1284 2689 loco
1314 2649 1365 2689 br
1401 2645 1420 2702 ΙΙ
1459 2651 1818 2701 temperamento
1848 2646 1872 2686 b

271 2706 530 2755 temperato
558 2717 583 2742 r
621 2707 878 2756 temperata,
906 2703 988 2744 BR
1035 2701 1054 2756 Η
1102 2706 1157 2744 24
1188 2705 1385 2745 aeterios
1412 2704 1454 2744 B
1493 2703 1734 2745 aethereos
1765 2702 1789 2742 b
1835 2698 1855 2756 Η

270 2760 324 2798 26
358 2759 473 2799 ciclo
497 2759 751 2800 foreticum*
763 2759 881 2800 eima
902 2759 943 2799 B
976 2760 1077 2801 cido
1098 2761 1319 2801 foretieus
1343 2764 1389 2801 et
1412 2760 1530 2801 eima
1561 2759 1584 2800 b
1617 2758 1731 2811 cydo
1753 2759 1873 2807 fore-

262 2814 413 2869 ¹‘ticum
453 2828 584 2867 cyma
614 2816 652 2856 R
688 2817 729 2855 in
759 2829 838 2869 quo
869 2829 895 2856 α
922 2830 1044 2856 manu
1072 2830 1184 2858 saec.
1210 2817 1326 2858 XVI
1343 2818 1443 2857 add.
1475 2815 1602 2856 locus
1634 2821 1874 2868 corruptus

270 2868 389 2911 forte
422 2870 832 2926 κυκλοφορητικὸν
863 2872 985 2923 χῡμα
1023 2869 1056 2926 Η·
1080 2872 1336 2914 retulerunt
1365 2872 1388 2913 b
1421 2871 1697 2913 retullerunt
1718 2872 1756 2911 R
1793 2869 1812 2926 Η
