1982 3230
0 8 1 12 ,
83 0 106 20 ψ,
468 2 476 27 ,

0 0 91 168 U
797 97 982 140 LIBER
1012 97 1108 140 1111
1650 93 1752 148 133

13 168 47 201 s·

23 233 37 243 ⁰
137 258 266 301 111115,
296 241 427 309 quod
455 246 528 291 est
553 239 680 289 bene
708 239 905 289 dicendi
930 240 1148 289 scientia.
1199 254 1258 288 ex
1283 238 1432 288 huius
1458 245 1752 302 argumento

135 320 184 365 et
207 312 289 364 illa
316 312 602 379 quaestione
631 309 983 360 condicionalis
1020 309 1329 375 syllogismus
1357 310 1559 375 ponitur
1586 310 1655 360 sic
1691 311 1751 359 ‘si

131 384 380 435 rhetorica
407 388 480 432 est
504 381 632 431 bene
661 381 853 431 dicendi
880 382 1096 438 scientia,
1124 380 1256 429 utilis
1283 384 1391 431 est’.
1454 381 1751 431 assumimus

133 458 477 520 argumentum
513 453 576 501 ita
605 455 707 502 test
733 458 897 502 autem
923 451 1172 502 rhetorica
1209 451 1338 501 bene
1366 451 1562 502 dicendi
1588 453 1748 501 scien-

87 542 108 575 5
133 528 242 578 tia'.
314 524 438 574 haec
476 522 574 572 duo
613 524 696 588 qui
738 523 1062 580 concesserit,
1106 523 1251 571 etiam
1277 522 1463 571 inuitus
1510 522 1750 573 concedat

0 558 41 693 ἕ
129 610 331 647 11666556
367 600 441 644 651
476 592 647 643 utilem
686 609 793 644 esse
843 593 1170 651 rhetoricam,
1217 592 1347 657 quod
1391 597 1497 642 erat
1541 591 1748 643 dubium

35 675 37 677 ’
129 671 239 716 ante
266 681 414 732 quam
459 665 731 729 propositio
773 670 822 714 et
863 665 1135 728 assumptio
1165 660 1544 712 concederetur.
1621 663 1743 712 nihil

128 743 293 787 tamen
339 737 390 785 in
442 736 776 800 assumptione
826 736 1033 784 accessit
1084 735 1407 784 extrinsecus,
1487 733 1621 798 quod
1674 740 1748 784 est

126 808 389 873 proprium
443 805 767 871 praedicatiui
818 805 1101 872 syllogismi.
1178 805 1259 854 1116
1308 816 1525 855 PRIMVS
1571 805 1748 854 modus

63 895 105 929 10
137 893 163 928 a
210 876 475 927 dialecticis
510 876 810 942 appellatur,
858 877 939 941 qui
985 883 1058 926 est
1109 888 1186 925 AB
1223 886 1749 927 ANTECEDENTIBVS

127 954 392 1013 propterea
443 949 678 1012 quoniam
724 954 1069 1011 argumentum
1116 963 1262 1012 quem
1308 947 1366 996 ad
1411 947 1614 995 modum
1657 962 1745 1011 po-

125 1020 337 1084 positum
367 1024 456 1076 est,
485 1019 550 1068 ita
578 1024 626 1067 et
646 1025 972 1083 assumptum,
1000 1018 1096 1066 hoc
1120 1024 1313 1067 tantum
1341 1018 1489 1066 modo
1513 1017 1744 1068 differens

126 1090 257 1154 quod
295 1104 408 1139 611111
446 1088 739 1139 condicione
775 1090 990 1153 positum
1027 1094 1100 1138 est
1127 1094 1174 1138 et
1201 1089 1306 1137 sine
1342 1088 1632 1138 condicione
1668 1103 1744 1137 as-

124 1165 392 1223 sumptum.
470 1170 769 1211 SECVNDVS
806 1159 983 1208 modus
1011 1165 1083 1208 est
1110 1160 1193 1223 qui
1228 1158 1504 1223 appellatur
1532 1171 1570 1208 A
1605 1170 1742 1210 CON-
1775 1165 1858 1206 415

47 1247 101 1287 δ15
126 1241 550 1290 SEQVENTIBVS,
591 1230 641 1278 in
679 1245 776 1293 quo
815 1231 978 1293 ipsum
1017 1235 1364 1292 argumentum
1404 1229 1742 1294 quaestionem

124 1301 363 1366 sequitur,
392 1315 494 1349 non
521 1301 741 1364 quaestio
774 1306 1119 1364 argumentum
1149 1300 1244 1349 hoc
1270 1299 1417 1348 modo
1444 1301 1504 1350 esi
1531 1306 1604 1349 est
1628 1300 1743 1349 rhe-

121 1372 275 1420 torica
304 1369 460 1428 utilis,
491 1376 563 1419 est
600 1370 728 1420 hene
758 1370 952 1419 dicendi
990 1371 1227 1420 scientia'.
1305 1371 1568 1420 assumitur
1596 1386 1743 1435 argu-

119 1445 343 1491 mentum
382 1456 408 1490 a
436 1442 685 1490 contrario
712 1441 763 1490 id
806 1447 878 1490 est
906 1456 996 1506 per
1033 1441 1347 1504 negationem
1383 1442 1454 1489 sic
1498 1445 1627 1491 enon
1670 1449 1742 1491 est

121 1516 283 1562 autem
309 1511 439 1561 bene
467 1511 664 1561 dicendi
692 1513 922 1568 scientia,
951 1526 1050 1560 non
1077 1511 1210 1561 utilis
1239 1518 1310 1561 est
1335 1513 1528 1575 igitur'.
1605 1525 1739 1562 TER-
1772 1521 1856 1559 416

54 1599 97 1633 20
122 1594 252 1633 TIVS
288 1582 466 1632 modus
505 1589 605 1639 est,
643 1584 728 1647 qui
765 1581 1038 1647 appellatur
1065 1593 1103 1630 A
1129 1594 1648 1641 REPVGNANTIBVS,
1692 1585 1741 1633 in

120 1668 218 1717 quo
257 1652 624 1703 demonstratur
650 1668 751 1702 non
777 1669 924 1718 posse
960 1652 1104 1703 simul
1140 1654 1235 1702 hoc
1264 1669 1370 1704 esse
1408 1659 1461 1703 et.
1481 1653 1601 1703 illud
1641 1669 1739 1702 non

120 1737 253 1779 esse,
281 1724 332 1773 in
361 1738 460 1787 quo
488 1739 600 1772 cum
627 1725 777 1773 fuerit
803 1724 1119 1787 adsumptum
1147 1739 1328 1781 unum,
1357 1722 1487 1773 aliud
1512 1739 1739 1774 necessa—

117 1794 193 1842 rio
222 1792 446 1851 tolletur,
474 1799 530 1842 ut
557 1809 670 1843 cum
697 1795 850 1843 fuerit
887 1794 1204 1856 adsumptum
1245 1810 1407 1852 esse,
1445 1809 1565 1844 non
1603 1792 1741 1845 6556

118 1862 319 1913 tollatur
339 1863 436 1913 hoc
462 1864 610 1912 modo
639 1868 758 1913 enon
787 1871 861 1914 est
886 1864 1014 1914 bene
1043 1864 1238 1914 dicendi
1262 1866 1464 1914 scientia
1489 1865 1738 1916 rhetorica
1762 1874 1898 1916 1326

27 1987 30 1990 ,
53 1951 96 1984 25
120 1939 168 1984 et
194 1948 295 1983 non
324 1939 397 1983 est
423 1933 568 1992 utilis,
598 1940 671 1984 est
698 1941 860 1984 autem
887 1934 1015 1984 bene
1040 1934 1233 1985 dicendi
1262 1936 1481 1994 scientia,
1510 1936 1643 1987 utilis
1668 1944 1741 1986 est

116 2005 321 2068 igitur’:
350 2003 630 2054 consectum
660 2011 734 2054 est
769 2005 958 2054 eutilem
987 2009 1115 2055 esse’
1148 2004 1341 2055 sublato
1376 2021 1433 2056 6ο
1468 2007 1600 2072 quod
1619 2007 1739 2057 ‘non

120 2090 228 2124 esse
254 2074 445 2125 utilem'
473 2077 784 2140 propositum
813 2083 932 2126 erat.
986 2076 1037 2125 hi
1063 2082 1163 2126 tres
1197 2077 1331 2126 modi
1366 2093 1426 2126 ex
1455 2092 1552 2127 uno
1590 2092 1737 2143 argu-

117 2150 285 2194 mento
321 2152 529 2209 possunt
567 2147 742 2196 confici
780 2152 827 2196 et
852 2162 1000 2196 unam
1036 2162 1143 2196 rem
1181 2162 1353 2197 omnes
1379 2147 1595 2212 probare
1619 2164 1734 2214 pos-

117 2221 246 2264 sunt.
337 2231 430 2266 nec
472 2218 680 2266 interest
722 2217 771 2265 111
815 2218 1155 2282 propositione
1203 2233 1348 2283 quam
1394 2225 1587 2282 partem
1634 2218 1733 2286 [in]

50 2303 94 2338 30
117 2286 281 2350 primo
317 2301 474 2351 ponas
510 2292 679 2337 utrum
725 2289 1005 2352 argumenti
1041 2295 1208 2339 utrum
1246 2291 1568 2355 quaestioniS,
1616 2290 1730 2339 dum

114 2356 262 2405 modo
291 2357 597 2406 condicionis
622 2359 747 2407 ratio
777 2365 1119 2409 conseruetur.
1183 2375 1295 2409 cum
1323 2361 1507 2410 dixeris
1534 2361 1594 2409 ‘si
1617 2360 1734 2410 rhe-

115 2427 271 2476 torica
300 2431 374 2476 est
417 2427 546 2476 bene
590 2428 784 2478 dicendi
829 2431 1046 2488 scientia,
1090 2428 1220 2479 utilis
1258 2434 1359 2480 est'
1405 2435 1545 2494 potes
1580 2437 1630 2480 et
1664 2431 1734 2480 516

116 2511 402 2562 proponere
438 2496 601 2546 eutilis
628 2505 701 2548 est
734 2499 1010 2556 rhetorica,
1049 2501 1091 2549 si
1127 2500 1256 2550 bene
1301 2501 1495 2551 dicendi
1530 2502 1734 2551 scientia

227 2667 252 2706 3
289 2666 523 2707 rethorica
554 2667 593 2707 R
624 2668 739 2720 quod
765 2673 918 2709 notare
949 2669 1136 2710 desinam
1180 2665 1206 2723 ss
1254 2671 1303 2709 11
1337 2669 1732 2721 quemammodum

111 2718 196 2762 BR
243 2717 263 2776 {l
313 2723 365 2763 13
404 2722 668 2763 conditione
701 2723 764 2764 bis
792 2725 831 2764 R
967 2725 1019 2764 14
1060 2725 1354 2778 apellaturB
1403 2723 1423 2780 Η
1489 2728 1543 2767 23
1581 2726 1628 2767 id
1661 2732 1732 2768 est

112 2781 211 2818 ante
239 2780 292 2819 ut
321 2779 422 2820 add.
444 2778 488 2820 B
516 2781 697 2820 deletum
726 2782 769 2821 in
798 2780 837 2820 R
953 2782 1009 2821 24
1046 2793 1074 2822 a
1110 2786 1212 2833 post
1242 2782 1442 2822 scientia.
1473 2784 1574 2827 add.
1606 2783 1646 2824 R
1692 2781 1712 2838 Η

113 2833 168 2872 26
197 2833 309 2874 utile
337 2834 406 2875 Br
434 2835 564 2876 utilis
584 2837 622 2876 R
669 2832 692 2890 ss
738 2837 792 2877 27
823 2836 1020 2890 positum
1051 2837 1088 2878 R
1127 2834 1146 2891 H
1184 2837 1253 2878 hii
1274 2839 1312 2879 R
1350 2834 1370 2893 Ι]
1410 2841 1464 2880 29
1495 2840 1542 2879 111
1573 2840 1732 2881 deleuit

118 2887 240 2930 Vulc.
278 2886 299 2943 11
337 2892 390 2932 32
419 2895 553 2945 potes
580 2894 739 2946 scripsi
767 2895 920 2947 potest
947 2893 1030 2935 BR
1068 2890 1087 2948 ΙΙ
