1982 3230
306 169 406 230 148
788 169 1088 211 MARTIANI
1120 168 1441 212 OAPELLAE

305 318 459 368 catur,
488 317 652 359 tamen
680 325 781 358 non
806 309 952 359 faciet
978 311 1326 368 coniecturam,
1355 313 1466 375 quia
1488 327 1588 361 non
1614 312 1798 363 factum
1824 315 1908 364 sed

304 396 487 430 nomen
513 381 628 428 sacti
654 379 925 429 destruitur
951 387 1006 429 ut
1039 382 1091 429 in
1122 380 1218 430 hoc
1255 380 1503 431 ‘adulterii
1528 384 1655 432 actio
1680 385 1758 434 sit.
1797 399 1911 434 cum

305 450 561 515 repudiata
586 466 743 499 uxore
769 457 1099 515 stupratorem
1126 452 1211 516 qui
1235 452 1582 516 repudiauerat
1606 456 1810 504 maritus
1834 455 1911 503 in-

305 523 457 577 uenit,
480 528 678 570 accusat
698 519 938 570 adulterii.
978 537 1094 570 reus
1116 530 1285 570 contra
1307 522 1423 572 dicit
1443 538 1535 572 nec
1555 523 1737 573 factum
1763 531 1912 588 negat

304 591 390 640 sed
430 590 656 641 adulterii
696 607 876 640 nomen
914 591 1123 641 excludit
1162 599 1210 641 et
1245 594 1437 656 quaerit
1472 594 1587 659 quid
1624 595 1687 643 sit
1723 594 1908 644 adulte·
1952 607 1975 641 5

303 663 453 710 rium’
475 662 606 727 quod
620 669 693 712 est
705 674 1087 711 DEFINITIVAE
1101 673 1601 714 CONTROVERSIAE.
1629 666 1780 727 igitur
1792 680 1911 715 con-

189 748 273 788 452
302 734 490 781 iectura
511 734 666 797 ipsius
687 732 803 781 facti
823 735 1019 796 negatio
1048 740 1135 790 est,
1156 733 1267 781 finis
1287 749 1387 783 non
1414 734 1611 783 admissi
1637 735 1721 784 sed
1749 736 1908 785 nomi·

151 817 284 870 1466
303 804 396 859 niS,
429 803 714 867 idcircoque
760 804 904 851 etiarn
933 802 1153 867 depulsio
1188 805 1366 867 ingesti
1393 806 1628 861 criminiS‚
1658 807 1771 869 quia
1797 820 1910 855 cum

302 875 430 923 facto
452 873 583 922 aliud
603 888 784 922 nomen
803 874 1089 936 imponitur,
1115 875 1379 923 imminens
1398 874 1590 923 obiecto
1612 876 1806 924 crimini
1824 890 1910 940 pe-

304 943 516 993 riculum
541 944 812 1006 denegatur
834 945 951 992 utin
965 943 1059 992 hoc
1080 942 1482 1007 obiectu‘pocula
1506 944 1675 1009 templi
1699 962 1726 995 e
1746 960 1909 995 sacer·
1933 959 1974 991 10

306 1014 436 1062 dotis
457 1014 603 1063 domo
627 1014 818 1063 furatus
839 1029 917 1062 es:
947 1013 1258 1078 sacrilegium
1283 1016 1478 1064 fecisti'.
1506 1014 1700 1079 repellit
1714 1015 1909 1079 ‘pocula

307 1085 504 1149 quidem
532 1084 714 1134 abstuli
740 1083 825 1134 sed
848 1085 960 1147 quia
987 1083 1047 1132 de
1070 1083 1214 1132 domo
1242 1099 1341 1132 non
1368 1084 1569 1148 templo,
1597 1085 1781 1135 furtum
1809 1101 1910 1134 non

306 1155 620 1219 sacrilegium
646 1155 1077 1219 nuncupandum'.
1127 1155 1179 1203 in
1206 1169 1303 1218 quo
1330 1156 1475 1203 etiam
1501 1155 1617 1204 facti
1642 1154 1734 1205 alia
1761 1170 1910 1220 quae-

301 1226 419 1274 dam
446 1225 644 1275 uidetur
671 1240 778 1275 esse
799 1226 1009 1288 negatio.
1060 1239 1158 1272 non
1187 1226 1317 1273 enim
1345 1225 1439 1273 hoc
1464 1225 1524 1274 ad
1552 1225 1758 1274 deorum
1783 1227 1910 1275 iniu-

303 1298 428 1345 riam
455 1302 643 1360 spectat
668 1296 935 1345 admissum
961 1295 1047 1344 sed
1075 1295 1134 1343 ad
1163 1295 1474 1358 dispendium
1500 1295 1783 1352 sacerdotis,
1798 1311 1908 1345 cum
1932 1305 1975 1342 15

302 1367 522 1416 dedomo
540 1366 715 1430 pocula
729 1366 1098 1415 subtrahantur.
1124 1365 1202 1414 hic
1213 1371 1420 1429 utraque
1431 1366 1611 1414 factum
1629 1365 1912 1415 definitione

303 1438 632 1494 tractandum,
660 1437 706 1485 id
736 1444 809 1485 est
835 1443 883 1484 et
909 1436 1020 1499 quid
1051 1437 1111 1482 sit
1136 1434 1447 1499 sacrilegium
1475 1443 1523 1484 et
1549 1436 1666 1500 quid
1691 1435 1891 1485 furtum.

188 1523 273 1563 453
446 1507 587 1556 Nunc
614 1508 674 1556 de
708 1507 940 1572 qualitate
967 1505 1258 1565 dicendum,
1286 1506 1422 1555 cuius
1449 1504 1700 1570 multiplex
1735 1512 1909 1555 natura

305 1578 594 1628 diuisionem
621 1577 833 1642 partium
860 1577 1020 1639 primo
1049 1575 1318 1632 desiderat,
1347 1583 1399 1624 ut
1426 1591 1480 1624 ea
1508 1576 1714 1625 decursa
1742 1577 1909 1640 singu-

304 1648 464 1697 larum
491 1648 771 1711 proprietas
798 1645 1087 1710 explicetur.
1139 1644 1346 1710 qualitas
1371 1647 1520 1709 igitur
1548 1651 1632 1694 aut
1657 1646 1718 1694 de
1742 1660 1800 1695 re
1825 1653 1910 1695 aut
1933 1657 1975 1690 20

305 1719 368 1768 de
413 1720 606 1767 actione
653 1722 739 1766 est.
815 1717 875 1765 de
902 1731 956 1764 re
992 1731 1103 1764 cum
1133 1717 1240 1764 eius
1266 1716 1379 1764 facti
1414 1716 1545 1780 quod
1579 1716 1628 1764 in
1673 1715 1908 1765 iudicium

304 1790 443 1839 uenit
466 1790 591 1837 ratio
628 1801 839 1836 causaue
865 1792 1116 1842 tractatur,
1154 1785 1235 1835 uel
1262 1801 1374 1834 cum
1401 1785 1514 1850 quid
1540 1786 1647 1834 fieri
1684 1791 1911 1850 oporteat

306 1860 608 1923 disceptatur
644 1864 699 1906 ut
732 1861 822 1906 ‘an
860 1858 967 1905 iure
1003 1855 1223 1905 Clodium
1259 1855 1373 1905 Milo
1407 1856 1665 1919 iugularit'
1701 1855 1782 1905 uel
1817 1859 1910 1904 ‘an

304 1931 482 1979 domus
508 1928 668 1978 Tullio
695 1927 995 1976 restituenda
1022 1926 1216 1975 fuerit'.
1292 1926 1353 1975 de
1379 1927 1570 1975 actione
1606 1931 1769 1975 autem
1797 1940 1908 1975 cum

300 2002 561 2063 quaeritur
588 2013 650 2047 an
685 1997 982 2046 admittenda
1020 1998 1083 2046 sit
1109 1997 1235 2045 actio
1262 2003 1310 2044 et
1342 1996 1575 2045 iudicium
1613 1994 1907 2044 faciendum.
1931 2005 1975 2039 25

300 2085 433 2134 quae
459 2084 574 2133 pars
600 2070 828 2132 quoniam
864 2068 987 2115 iuris
1012 2068 1255 2130 aequitate
1279 2066 1605 2131 perpenditur
1638 2071 1774 2115 recte
1801 2080 1907 2114 eam

300 2141 358 2188 in
393 2140 583 2203 species
619 2137 861 2201 qualitatis
898 2136 1122 2185 subtilius
1166 2136 1515 2198 adgregamuS‚
1562 2135 1702 2184 aliter
1747 2141 1908 2184 autem

303 2210 662 2272 Hermagoras,
702 2210 791 2268 qui
814 2207 953 2270 quasi
991 2206 1388 2254 constitutionem
1415 2220 1595 2254 nouam
1623 2221 1649 2254 a
1678 2204 1910 2268 qualitate

308 2280 610 2343 distinguere
647 2283 695 2326 et
719 2275 1092 2326 translationem
1136 2274 1215 2323 uel
1250 2276 1691 2339 praescriptionem
1727 2289 1909 2323 uocare

151 2357 154 2360 ’
192 2367 280 2406 454
309 2350 565 2400 maluerat.
617 2347 702 2396 sed
730 2347 853 2396 haec
879 2344 1198 2409 po-<steriuS.
1256 2344 1463 2409 qualitas
1497 2350 1580 2392 aut
1606 2343 1758 2393 futuri
1783 2350 1907 2392 tem·
1929 2356 1974 2389 30

307 2422 442 2487 poris
469 2420 721 2469 aestimata
742 2422 824 2466 aut
849 2417 1119 2481 praeteriti.
1161 2421 1208 2463 et
1233 2415 1485 2478 praeteriti
1510 2424 1907 2474 IVRIDICIALIS,

425 2607 476 2644 13
498 2604 595 2643 alia
619 2602 790 2642 Grotius
812 2599 909 2638 alta
930 2598 1012 2638 BR
1045 2594 1064 2650 ΙΙ
1100 2598 1153 2636 14
1183 2596 1400 2651 uidentur
1421 2597 1463 2636 B
1497 2593 1515 2649 Η
1545 2597 1603 2636 -16
1635 2595 1909 2636 subtrahun-

309 2661 587 2701 turHalmz'us
614 2655 633 2711 Η
663 2659 715 2697 18
736 2652 980 2696 dicendum
1003 2658 1072 2693 est
1092 2653 1115 2692 b
1144 2650 1163 2707 Η
1193 2656 1244 2694 19
1265 2653 1458 2706 primaR
1485 2649 1504 2705 ΙΙ
1530 2653 1584 2692 23
1604 2651 1828 2703 iugularit
1842 2651 1910 2691 Br

309 2716 597 2770 iugularetR
634 2710 654 2768 Η
692 2715 745 2752 27
779 2711 917 2751 aliter
937 2713 1089 2750 autem
1109 2710 1280 2749 Hermo
1316 2721 1441 2759 enes,
1465 2708 1541 2759 qui
1561 2707 1692 2760 quasi
1714 2707 1908 2747 Halmius

312 2773 454 2813 aliam
486 2774 637 2811 autem
667 2769 982 2820 Hermagoras
1014 2765 1145 2818 quasi
1173 2765 1256 2805 BR
1285 2722 1314 2818 ᾗ
1351 2767 1405 2805 28
1437 2776 1464 2803 a
1497 2763 1724 2815 qualitate
1755 2763 1796 2802 E
1828 2766 1908 2802 aut

310 2829 584 2881 qualitatem
604 2825 685 2866 BR
722 2821 741 2877 Η
781 2826 835 2864 29
854 2822 1262 2875 praescriptionem
1281 2821 1322 2860 D
1350 2820 1730 2872 perscriptionem
1750 2818 1833 2859 BR
1870 2815 1890 2872 Η

310 2887 368 2924 30
399 2887 479 2924 aut
508 2883 652 2923 futuri
690 2885 722 2922 t.
754 2880 1124 2920 aestimata·aut
1160 2876 1414 2930 praeteriti.
1450 2878 1496 2914 et
1524 2875 1766 2927 praeteriti
1795 2875 1818 2915 b
1858 2877 1910 2914 ut

313 2939 399 2981 fut.
431 2944 462 2981 t.
497 2939 743 2979 aestimata.
775 2939 821 2977 et
850 2934 1093 2988 praeteriti
1112 2932 1197 2973 BD
1235 2929 1255 2985 ΙΙ
