1982 3230
349 121 570 179 xxxxn
625 135 972 177 PRAEFATIO
1002 136 1067 177 IN
1095 134 1461 187 MARTIANVM
1491 117 1843 178 CAPELIJAM‘

352 264 688 313 Romanorum
713 263 924 311 Penates
961 276 1083 325 quos
1109 261 1264 311 Varro
1290 268 1392 311 tres
1428 261 1660 312 censebat
1685 261 1846 328 aliqua
1879 277 1963 314 ra·

348 348 664 397 tiocinatione
700 361 842 395 usum
870 345 1150 410 Neptunum
1180 351 1227 395 et
1251 345 1527 411 Apollinem
1552 346 1783 397 habuisse
1809 361 1960 412 appa-

349 438 441 481 ret.
508 430 567 479 de
604 430 823 479 Etruscis
870 435 1033 480 autem
1071 431 1198 495 apud
1236 430 1510 481 Arnobium
1554 436 1724 496 postea
1762 431 1963 482 demum

350 515 543 563 dicitur.
618 529 778 579 neque
811 521 975 564 tamen
1014 531 1072 565 ex
1095 515 1183 565 ‘his
1219 515 1387 565 uerbis
1422 519 1552 566 idem
1589 554 1602 566 .
1628 554 1639 566 .
1678 518 1957 579 exponit..

348 601 646 663 disciplinas
671 601 918 650 Etruscas
942 615 1150 662 sequens
1173 615 1367 662 qeneru
1393 616 1497 650 8338
1523 602 1787 652 Penatium
1814 606 1961 664 quat-

348 690 461 734 tuor
495 690 544 733 et
578 699 683 733 8338
715 686 855 734 Iouis
890 699 956 734 ex
991 687 1068 734 leis
1105 688 1255 745 aliosi,
1312 688 1441 735 alios
1475 686 1702 748 Neptuni
1733 723 1745 736 .
1771 722 1783 735 .
1811 723 1823 736 .
1859 683 1960 734 ullo

347 768 495 817 modo
531 769 691 817 conici
724 768 837 817 licet
863 769 1142 833 Neptunum
1180 771 1308 819 inter
1333 769 1543 818 Penates
1579 768 1728 818 fuisse
1763 768 1849 818 sed
1881 783 1960 819 so·

345 852 448 902 lum
485 868 596 902 eum
623 854 831 903 Penates
869 853 1114 902 habuisse.
1176 853 1235 902 de
1262 855 1506 903 Neueritu
1543 849 1960 918 adquiescendum

348 939 440 986 erit
476 938 525 986 in
552 936 759 987 Prelleri
803 938 958 1002 (Rom.
988 937 1139 1002 myth.
1167 952 1212 1001 p.
1238 935 1357 1004 503)
1397 939 1692 1002 suspitione3
1748 939 1961 988 Consum

348 1021 583 1071 Sabinum
621 1022 765 1072 deum
801 1022 1067 1084 (Prellerus
1094 1038 1141 1086 p.
1170 1019 1292 1084 420)
1333 1021 1392 1070 ab
1421 1021 1642 1072 Etruscis
1675 1028 1730 1071 ut
1763 1021 1960 1072 uidetur

314 1104 318 1109 '
346 1105 559 1156 alienum
588 1105 786 1155 aliunde
811 1106 1088 1173 Martianus
1106 1106 1428 1155 admiscuisse
1453 1106 1666 1155 uidetur.

490 1189 624 1247 Quae
660 1192 710 1239 in
743 1193 1011 1241 undecima
1038 1191 1239 1254 regione
1267 1195 1341 1239 est
1377 1193 1617 1241 Valitudo
1653 1191 1697 1240 ei
1722 1188 1959 1239 Forcelli·

346 1275 455 1324 nius
492 1274 737 1323 consuluit
771 1274 916 1323 allato
953 1290 1156 1327 nummo
1201 1289 1259 1323 ex
1287 1273 1477 1323 Morell.
1503 1275 1732 1324 numism.
1759 1274 1875 1323 fam.
1897 1274 1956 1324 R.

348 1358 471 1423 (tab.
509 1359 527 1407 I
565 1356 621 1424 3)
663 1373 961 1422 quamquam
996 1360 1064 1407 sic
1101 1374 1298 1423 quoque
1333 1357 1514 1407 multae
1551 1358 1842 1408 dubitationi
1875 1373 1958 1408 res

345 1442 557 1491 obnoxia
583 1449 671 1492 est.
712 1448 872 1492 cetera
901 1444 1102 1493 Grotius
1128 1442 1421 1492 emendauit.
1470 1443 1529 1491 de
1556 1442 1748 1492 Pauore
1775 1449 1823 1493 et
1846 1443 1957 1494 Pal-

344 1526 449 1575 lore
478 1527 537 1575 cf.
566 1525 816 1576 Prellerus
843 1542 889 1591 p.
920 1524 1023 1576 612
1047 1533 1099 1576 et
1123 1528 1425 1590 Hartungius
1450 1527 1494 1576 ΙΙ
1518 1542 1565 1590 p.
1589 1525 1707 1577 614.
1747 1527 1869 1577 locis
1895 1527 1957 1578 ab

344 1611 420 1661 his
457 1611 738 1660 hominihus
763 1610 969 1661 laudatis
1006 1611 1129 1661 adde
1155 1612 1421 1660 Minucium
1447 1612 1498 1659 in
1527 1611 1731 1661 Octauio
1771 1609 1870 1676 (25,
1905 1609 1953 1677 8)

341 1718 414 1738 =
448 1695 673 1760 Cyprian.
714 1696 774 1744 de
810 1694 925 1744 idol.
962 1710 1076 1745 uan.
1114 1692 1164 1752 2,
1199 1692 1235 1744 4
1270 1702 1317 1744 et
1350 1695 1655 1745 Lactantium
1693 1695 1730 1753 Ι,
1757 1693 1842 1753 20,
1873 1693 1955 1753 11,

345 1795 554 1844 quorum
589 1786 857 1844 utrumque
891 1782 1163 1829 Varronem
1190 1779 1506 1844 exscripsisse
1544 1771 1766 1844 coarguit
1789 1781 1955 1844 Augu-

344 1866 497 1914 stinus
525 1864 585 1914 de
613 1866 707 1918 ciu.
737 1865 781 1913 d.
809 1864 912 1921 1111,
940 1862 1025 1915 23.

484 1949 555 1998 De
591 1949 896 2013 reliquarum
933 1950 1197 2012 regionum
1233 1947 1336 1997 deis
1363 1946 1485 1996 nihil
1522 1947 1680 1998 habeo
1708 1948 1839 2013 quod
1865 1947 1952 1998 ad-

343 2033 482 2082 dam:
530 2048 644 2081 nam
687 2033 904 2082 Saturni
942 2035 1202 2083 caelestem
1243 2034 1488 2082 Iunonem
1533 2047 1633 2081 non
1679 2032 1952 2097 adsequor;

342 2117 563 2166 Sancum
599 2123 646 2165 et
672 2119 789 2165 deos
814 2118 1048 2178 publicos
1074 2116 1133 2164 ad
1159 2116 1394 2164 Etruscos
1429 2130 1527 2165 non
1553 2117 1859 2180 pertinentes
1884 2116 1952 2167 al—

342 2206 507 2248 terum
535 2215 560 2248 a
589 2199 781 2249 Sabinis
810 2200 925 2266 (uid.
953 2198 1201 2249 Prellerus
1226 2196 1495 2264 1).634sq.)
1526 2199 1706 2249 alteros
1730 2201 1783 2249 ni
1808 2199 1952 2251 fallor

343 2298 370 2332 a
407 2286 627 2333 Varrone
665 2299 846 2348 eosque
882 2285 1027 2332 nimis
1062 2283 1233 2332 inscite
1270 2288 1523 2332 mutuatus
1559 2290 1647 2333 est.
1718 2299 1832 2334 nam
1871 2287 1957 2336 dei

331 2370 531 2430 publici
564 2367 684 2418 nulli
731 2375 870 2418 erant
909 2370 958 2417 in
994 2367 1127 2418 cultu
1165 2368 1250 2417 sed
1286 2365 1446 2416 solum
1491 2367 1792 2418 denominati
1823 2369 1889 2418 ita
1923 2384 1952 2420 a

341 2454 589 2502 Varrone:
618 2454 850 2502 Varronis
878 2453 1007 2502 enim
1034 2451 1188 2502 uerba
1215 2451 1446 2515 leguntur
1472 2452 1601 2516 apud
1620 2439 1951 2517 Au‘gustinum

343 2535 403 2585 de
431 2538 523 2586 ciu.
553 2536 631 2587 dei
656 2536 830 2587 V1117
871 2537 960 2587 ‘de
988 2539 1065 2587 dis
1093 2538 1250 2600 inquit
1274 2538 1463 2598 populi
1484 2538 1708 2586 Romani
1728 2538 1950 2600 publicis

342 2620 517 2682 quibus
543 2621 689 2671 aedes
716 2622 1067 2671 dedicauerunt
1100 2635 1282 2684 eosque
1309 2619 1534 2684 pluribus
1560 2621 1711 2685 signis
1747 2626 1948 2671 ornatos

341 2710 640 2754 notauerunt
665 2707 714 2754 in
740 2705 863 2754 hoc’
902 2704 1021 2770 (scil.
1049 2704 1208 2769 tertio)
1248 2703 1403 2754 ‘libro
1431 2703 1681 2754 scribam.'
1733 2705 1793 2754 cf.
1823 2720 1948 2770 quae

341 2786 659 2838 Franckenus
686 2789 937 2839 adnotauit
961 2787 1108 2854 p.-94
1121 2787 1152 2846 3,
1194 2804 1352 2853 neque
1387 2789 1657 2838 sententiae
1683 2803 1821 2839 meae
1857 2787 1948 2837 ob-

341 2875 434 2918 stat
467 2870 667 2922 Tertull.
696 2875 757 2923 ad
783 2874 889 2923 Nat.
919 2874 961 2922 ΙΙ
988 2871 1020 2923 9
1055 2873 1281 2924 laudatus
1317 2887 1343 2921 a
1377 2872 1597 2922 Prellero
1625 2871 1773 2937 myth.
1800 2872 1942 2922 Rom.
