1982 3230
287 114 394 167 294
765 114 1065 156 MARTIANI
1094 113 1414 156 GAPELLAE

290 264 338 306 et
363 256 563 305 triciens
599 254 742 312 bina,
781 256 1031 319 sexaginta
1057 260 1286 320 quattuor
1312 257 1510 306 faciant.
1578 272 1724 322 quem
1741 258 1901 308 'mini-¹

291 342 430 376 mum
460 341 721 374 numerum
759 325 855 374 duo
892 342 982 391 per
1016 341 1068 375 se
1103 327 1411 390 incompositi
1447 328 1741 386 metiuntur,
1782 343 1894 378 eum
1976 383 1981 394 ,Α

291 395 454 445 nullus
480 394 602 445 alius
628 410 718 459 per
744 411 797 445 se
822 397 1160 460 inconpositus
1185 398 1427 447 metietur.
1466 404 1725 448 sumantur
1752 400 1895 463 quin'·

293 483 387 532 que
415 473 463 515 et
489 471 692 530 septem.
760 466 945 516 nullum
972 469 1212 516 minorem
1242 482 1501 517 numerum
1528 470 1724 532 triginta
1753 470 1896 535 quine.

142 542 274 586 2686*
296 552 391 601 que
428 538 712 586 metiuntur.
790 553 902 586 nam
930 539 1189 603 quinquies
1204 534 1299 586 'V11
1325 545 1372 587 et
1397 538 1479 587 VII
1515 540 1662 603 quina
1696 540 1897 604 triginta
1939 548 1964 585 5

176 758 261 799 798

291 609 507 673 quinque
534 613 660 656 sunt.
727 614 874 671 atque
903 607 1065 657 nullus
1103 608 1227 657 alius
1265 623 1502 658 numerus
1528 625 1618 674 per
1644 625 1697 659 se
1722 611 1896 659 incon-

290 679 478 743 positus
504 678 635 727 hunc
671 679 832 727 metiri
870 684 1052 742 potest,
1091 694 1191 727 non
1220 678 1316 727 duo
1352 694 1447 728 non
1478 685 1578 729 tres
1605 695 1704 729 non
1740 679 1900 729 unde-

294 751 389 798 cim
417 763 514 797 non
540 749 777 798 tredecim
808 764 906 798 non
933 749 1072 799 Xvn.
1123 748 1278 798 multo
1306 765 1425 799 uero
1452 750 1612 799 minus
1638 749 1899 799 ulteriores

291 820 500 869 numeri.
551 821 591 867 si
619 819 886 883 quadratus
912 834 1148 869 numerus
1177 820 1471 884 quadratum
1499 822 1715 878 metitur,
1748 821 1799 870 in
1823 819 1896 869 la-

292 896 397 939 tere
425 903 619 955 quoque
648 890 750 939 eius
777 889 974 939 alterius
1011 905 1240 939 mensura
1278 896 1365 940 est.
1429 892 1522 939 sint
1550 890 1646 940 duo
1673 890 1899 956 quadrati
1923 902 1964 935 ιο

294 961 488 1009 numeri
509 965 738 1025 quattuor
766 965 813 1009 et
838 960 1069 1010 sedecim.
1108 963 1306 1009 metitur
1334 963 1515 1024 eosqui
1542 961 1758 1010 sedecim
1785 966 1900 1010 sunt

200 1028 216 1067 '-
295 1031 566 1094 quaterni0‚
591 1036 764 1095 quater
792 1032 922 1079 enim
948 1036 1176 1095 quattuor
1202 1030 1434 1080 sedecim.
1475 1032 1643 1097 atquin
1667 1032 1720 1079 in
1744 1031 1900 1082 latere

183 1386 266 1427 '799

187 2017 272 2058 800

294 1108 524 1165 quattuor
570 1102 666 1150 duo
712 1107 849 1159 sunt,
896 1103 947 1149 in
993 1100 1146 1150 latere
1190 1113 1361 1151 eorum
1399 1103 1483 1164 qui
1527 1100 1742 1150 sedecim
1789 1106 1904 1150 sunt

296 1177 525 1235 quattuor
575 1177 702 1220 sunt.
779 1172 874 1221 duo
911 1172 1179 1221 metiuntur
1224 1171 1622 1236 quaternionem,
1659 1170 1733 1220 his
1771 1172 1901 1220 enim

294 1241 407 1290 hina
436 1248 666 1306 quattuor
694 1248 818 1291 sunt.
872 1258 929 1291 ex
957 1242 1051 1292 hoc
1079 1243 1220 1291 etiam
1243 1240 1358 1290 illud
1388 1247 1590 1306 apparet
1616 1257 1675 1290 ex
1711 1240 1903 1291 duobus
1925 1253 1968 1288 15

296 1313 547 1375 quadratis
584 1314 826 1369 numerss,
865 1313 906 1361 si
955 1315 1004 1361 in
1043 1313 1241 1361 alterius
1268 1311 1419 1362 latere
1458 1327 1687 1361 mensura
1726 1319 1823 1369 est,
1849 1312 1902 1360 in

294 1384 403 1446 ipso
426 1397 619 1446 quoque
647 1382 883 1448 quadrato
911 1398 1117 1432 numero
1145 1382 1342 1431 alterius
1369 1382 1592 1447 quadrati
1618 1396 1902 1432 mensuram

298 1467 421 1501 esse.
482 1451 525 1501 si
551 1454 816 1517 quadratus
852 1468 1085 1502 numerus
1121 1453 1410 1517 quadratum
1447 1467 1544 1500 non
1579 1453 1801 1508 metitur,
1838 1467 1903 1501 ne

297 1524 346 1571 in
384 1522 535 1572 latere
570 1523 765 1587 quidem
795 1523 994 1573 alterius
1031 1538 1260 1572 mensura
1287 1522 1485 1572 alterius
1513 1529 1597 1572 est.
1661 1524 1758 1572 sint
1783 1537 1901 1588 qua-

301 1594 424 1641 drati
459 1595 655 1642 numeri
686 1600 916 1658 quattuor
953 1600 998 1642 et
1038 1608 1234 1643 nouem.
1283 1594 1539 1657 quaternio
1578 1593 1903 1642 nouenarium
1925 1606 1969 1639 20

300 1678 563 1711 numerum
601 1679 697 1712 non
738 1666 950 1713 metitur.
1028 1678 1146 1726 ergo
1174 1678 1235 1715 ne
1266 1663 1362 1712 duo
1390 1662 1612 1726 quidem,
1641 1663 1724 1726 qui
1747 1664 1800 1712 in
1834 1661 1903 1712 la-

299 1739 406 1782 tere
434 1735 735 1798 quaternarii
763 1741 888 1791 sunt,
916 1741 1033 1790 tres,
1064 1737 1147 1799 qui
1173 1735 1223 1782 in
1250 1732 1403 1783 latere
1430 1734 1684 1782 nouenarii
1711 1732 1905 1782 numeri

301 1809 440 1860 sunt,
480 1805 763 1854 metiuntur.
827 1820 887 1854 ex
922 1805 1016 1854 hoc
1054 1805 1197 1854 etiam
1234 1803 1353 1853 illud
1391 1808 1593 1869 apparet
1627 1819 1686 1852 ex
1713 1802 1906 1853 duobus

304 1874 552 1938 quadratis
598 1876 843 1931 numeriS‚
889 1876 1014 1924 siin
1059 1874 1261 1924 alterius
1304 1873 1456 1924 latere
1502 1873 1703 1923 alterius
1738 1873 1904 1923 lateris

302 1959 533 1993 mensura
570 1960 667 1994 non
706 1951 801 2003 est,
840 1961 902 1994 ne
937 1947 987 1994 in
1024 1945 1176 1995 altero
1214 1945 1409 2010 quidem
1442 1944 1676 2010 quadrato
1714 1944 1906 1993 numeri
1927 1957 1971 1990 25

303 2015 502 2064 alterius
525 2015 748 2080 quadrati
774 2031 1057 2065 mensuram
1086 2030 1207 2065 esse.
1254 2015 1292 2063 si
1322 2022 1503 2064 tessera
1529 2019 1766 2064 tesseram
1804 2028 1905 2064 me-

305 2086 436 2141 titur,
466 2086 514 2133 in
552 2084 706 2135 latere
735 2102 929 2151 quoque
957 2086 1156 2135 alterius
1190 2085 1356 2135 lateris
1392 2100 1623 2135 mensura
1659 2090 1746 2134 est.
1811 2084 1909 2133 sint

305 2154 429 2204 duae
451 2160 667 2204 tesserae
690 2163 799 2204 octo
821 2162 870 2205 et
888 2157 1137 2218 sexaginta
1159 2161 1403 2219 quattuor.
1446 2169 1528 2204 eos
1550 2156 1633 2220 qui
1655 2155 1907 2219 sexaginta

418 2368 440 2406 1
475 2370 521 2407 et
549 2367 742 2406 triciens
764 2365 845 2406 BR
882 2366 1042 2406 tricies
1073 2365 1097 2406 b
1135 2362 1154 2419 Η
1194 2365 1373 2405 faciant
1399 2379 1427 2417 p
1464 2364 1645 2405 faciunt
1674 2363 1757 2405 BR
1794 2363 1910 2404 fiunt

302 2423 327 2463 b
362 2419 380 2476 ΙΙ
413 2425 441 2462 4
471 2429 569 2463 ante
600 2423 770 2463 XXXV
801 2424 900 2463 add.
934 2435 1070 2475 quam
1099 2422 1122 2462 b
1162 2418 1181 2475 Η
1220 2423 1243 2462 7
1275 2422 1341 2462 XI
1371 2421 1393 2462 b
1424 2421 1512 2462 XII
1542 2421 1624 2461 BR
1661 2417 1681 2474 ll
1720 2421 1746 2461 8
1775 2418 1908 2461 XVII

302 2479 385 2520 BR
415 2479 522 2520 XVI
550 2493 575 2519 r
610 2477 631 2534 [Ι
670 2479 902 2519 ulterioris
924 2479 961 2519 R
1000 2475 1018 2533 11
1058 2480 1083 2519 9
1110 2483 1212 2530 post
1230 2479 1410 2517 numeri
1429 2479 1528 2518 add.
1551 2477 1800 2517 metiuntur
1819 2476 1843 2517 b
1870 2472 1891 2530 ΙΙ

302 2532 1015 2633 Ἶιιαᾶῖἓωῗιεῖῗιῗέῗὲξξτῌηξο
1027 2534 1313 2630 ιιῗηῗιῐέΐῗυέι·
1326 2533 1489 2630 Ιεεῗῐῗῖὶόε
1509 2529 1658 2643 ffldulg
1679 2534 1772 2628 siit
1780 2532 1911 2641 Ἕᾳῇί

303 2588 483 2688 Ictsssint
510 2605 611 2688 {nte
642 2647 730 2688 duo
762 2641 799 2687 R
844 2643 863 2700 Η
914 2648 967 2687 16
997 2603 1270 2699 gostqlatere
1302 2648 1404 2689 add.
1437 2646 1534 2687 eius
1565 2644 1588 2684 b
1647 2641 1665 2698 ΙΙ
1735 2645 1786 2685 18
1817 2656 1910 2683 me-

292 2704 446 2744 tietur
468 2702 525 2743 B¹
566 2700 585 2757 ΙΙ
625 2716 709 2745 nec
732 2704 755 2744 b
795 2699 813 2754 ΙΙ
853 2705 907 2744 20
923 2716 1131 2755 nouemp
1153 2702 1264 2743 VIII
1284 2702 1365 2742 BR
1403 2702 1422 2756 ΙΙ
1462 2714 1552 2754 qua
1573 2716 1621 2742 *ιι
1641 2699 1684 2739 Β
1714 2699 1911 2740 ternarii

305 2761 404 2802 add.
435 2761 458 2800 b
491 2761 711 2813 quaterna
731 2760 770 2800 R
807 2757 827 2813 Η
865 2761 918 2799 22
948 2759 1174 2800 nouenari
1192 2757 1294 2799 B¹R
1333 2755 1352 2811 ΙΙ
1391 2759 1445 2799 25
1477 2757 1569 2798 alio
1590 2755 1632 2795 B
1670 2753 1689 2810 Η
1729 2757 1783 2796 26
1813 2758 1909 2796 tes·-

291 2828 409 2855 2sera
425 2830 458 2868 p
492 2829 592 2857 eam
614 2816 696 2857 BR
727 2816 866 2856 etiam
888 2816 911 2856 b
953 2812 972 2868 Η
1011 2815 1226 2856 metietur
1246 2813 1302 2854 R¹
1341 2811 1360 2868 ΙΙ
1398 2816 1451 2854 27
1485 2812 1675 2853 alterius
1716 2811 1910 2852 alterius

292 2870 464 2911 'lateris
485 2872 527 2911 B
559 2872 751 2913 alterius
781 2875 987 2912 tesserae
1018 2870 1179 2912 lateris
1210 2871 1234 2911 b
1282 2867 1300 2924 Η
