1982 3230
782 99 970 141 LIBER
998 99 1136 142 VIIII
1660 96 1764 149 357

154 243 202 292 id
230 249 303 292 est
339 241 450 294 κατ’
474 239 629 305 ἧθοεε
670 240 818 291 alium
846 242 1028 307 quippe
1065 255 1258 291 morem
1293 245 1431 290 acuta
1467 239 1761 304 significant,

152 312 303 363 alium
330 314 577 377 grauiora.

294 382 436 433 Nunc
461 383 557 432 iam
585 382 645 431 de
679 382 978 431 diastematis
1006 381 1364 431 disserendum.
1427 381 1662 430 diastema
1690 385 1763 430 est
1792 391 1880 432 948

151 453 288 502 uocis
314 453 539 516 spatium,
570 467 665 516 quo
690 458 828 501 acuta
851 458 898 501 et
917 452 1120 515 grauior
1146 450 1427 500 includitur.
1468 451 1553 500 sed
1580 452 1632 499 in
1661 449 1763 500 dia-

108 526 128 559 5
152 524 370 573 sternatis
396 521 487 571 alia
515 522 747 572 breuiora
774 521 878 577 illa,
919 536 1042 585 quae
1070 527 1186 570 sunt
1222 523 1271 569 in
1299 521 1420 569 diesi
1447 521 1760 576 enarmonia;

148 594 334 642 maiora
363 607 484 642 uero
512 598 651 648 sunt,
690 607 815 656 quae
841 606 933 656 per
959 590 1178 653 singulos
1206 596 1375 655 tropos
1411 591 1487 639 bis
1515 606 1573 639 ex
1604 592 1762 639 omni-

147 661 241 712 bus
268 663 474 719 faciunt,
505 678 602 727 quo
630 661 750 711 nihil
776 663 932 710 maius
966 662 1017 709 in
1044 662 1200 726 tropis
1226 676 1489 724 possumus
1514 662 1757 711 inuenire.

148 738 294 797 atque
328 734 379 782 in
416 734 585 797 spatiis
621 731 712 781 alia
748 739 864 781 sunt
891 732 1173 796 conposita,
1212 730 1304 780 alia
1332 732 1571 780 disiuncta
1611 737 1758 796 atquc
1789 741 1879 787 949

148 803 418 868 asyntheta.
497 809 543 853 et
579 803 832 866 conposita
859 808 974 851 sunt
1000 817 1252 870 Qassjffil'
1280 802 1505 851 ordinem
1523 810 1760 867 ‚curru-nt,

84 890 126 926 ιο
146 874 454 937 inconposita
481 879 645 923 autem
674 888 798 937 quae
826 889 884 922 ex
912 873 1121 922 diuersis
1147 871 1239 921 sibi
1264 873 1313 921 in
1341 874 1501 922 uicem
1528 869 1760 937 copulaff-

146 949 244 993 tur.
283 945 401 994 item
430 943 521 993 alia
558 943 730 1006 logica,
761 943 853 992 alia
882 943 1022 1007 aloga
1050 948 1404 993 memorantur.
1464 957 1520 992 ac
1546 945 1760 993 rationa-

146 1013 261 1063 bilia
285 1013 366 1063 illa
393 1022 507 1064 sunt
531 1030 744 1079 quorum
773 1029 1017 1064 consensu
1044 1028 1307 1078 possumus
1331 1019 1584 1076 praestare
1610 1014 1760 1063 ratio-

147 1099 288 1141 nem,
326 1084 686 1133 inrationabilia
725 1085 903 1148 quibus
950 1083 1258 1134 non-subest
1293 1085 1432 1133 rati0.
1509 1085 1628 1134 item
1666 1083 1759 1132 alia

148 1156 505 1215 conuenientia,
554 1154 643 1204 alia
673 1155 1027 1220 discrepantia,
1068 1159 1283 1218 tuncque
1321 1153 1414 1204 alia
1451 1154 1755 1211 enarmonia,

82 1245 123 1278 15
147 1223 239 1274 alia
266 1224 580 1282 chromatica,
609 1224 699 1274 alia
722 1225 980 1282 diatonica,
1007 1227 1127 1274 item
1155 1223 1246 1273 alia
1273 1226 1412 1282 artia,
1441 1223 1533 1273 alia
1555 1225 1758 1288 perissa.

145 1295 232 1344 sed
280 1297 440 1360 prima
491 1295 734 1359 aequalia,
795 1296 1011 1345 secunda
1072 1295 1385 1343 excurrentia
1446 1294 1756 1344 memorabo,

145 1381 320 1415 uerum
349 1364 570 1430 aequalia
608 1371 748 1422 sunt,
778 1381 902 1430 quae
930 1366 978 1413 in
1017 1371 1197 1428 aequas
1223 1370 1390 1427 partes
1416 1370 1653 1427 poterunt
1679 1381 1756 1414 se—

145 1436 324 1499 parari,
355 1441 407 1485 ut
434 1441 578 1485 tonus
603 1436 655 1484 in
683 1435 780 1485 duo
807 1435 1102 1491 hemitonia;
1130 1435 1319 1498 perissa
1346 1440 1527 1491 autem,
1557 1450 1681 1500 quae
1708 1436 1757 1484 in

142 1506 236 1555 tria
257 1506 524 1555 hemitonia
543 1506 908 1555 discernuntur.
951 1505 1127 1555 deinde
1155 1504 1246 1554 alia
1268 1505 1555 1555 diastemata
1584 1506 1755 1570 spissa,
1788 1519 1872 1561 950

80 1595 122 1627 ρο
146 1575 238 1625 alia
263 1577 468 1626 rariora.
533 1577 689 1641 spissa
716 1583 853 1634 sunt,
883 1591 1007 1641 quae
1034 1590 1124 1640 per
1152 1575 1299 1624 diesis
1325 1575 1650 1639 colliguntur;
1677 1591 1757 1625 ra-

145 1647 302 1702 riora,
332 1662 457 1711 quae
485 1648 626 1696 tonis,
704 1656 753 1696 et
777 1648 825 1695 in
853 1647 930 1695 his
956 1646 1050 1696 alia
1086 1645 1181 1695 sibi
1208 1651 1510 1710 congruunt,
1540 1645 1632 1695 alia
1660 1646 1757 1696 dis-

145 1725 366 1780 crepant.
414 1717 498 1766 sed
529 1714 915 1781 discrepantium
941 1718 1092 1766 nimia
1118 1714 1395 1767 multitudo,
1455 1716 1757 1783 conti-enien-

146 1787 207 1835 tia
235 1802 487 1853 uero-per
513 1786 741 1850 singulos
755 1793 938 1852 “tro-pons
964 1802 1059 1851 §QX
1096 1792 1234 1844 sunt,
1273 1786 1322 1838 id
1350 1791 1424 1836 est
1450 1779 1756 1837 diatessaron

144 1851 291 1920 ffu'o‘tl
320 1857 380 1906 de
426 1863 657 1922 quattuor
694 1858 925 1915 dicimuS‚
974 1858 1200 1920 diapente
1248 1856 1379 1922 quod
1418 1856 1479 1906 de
1525 1858 1755 1922 quinque,

46 1987 48 1990 .
78 1945 121 1979 25
145 1927 323 1976 dehinc
351 1927 582 1991 diapason
609 1927 743 1992 quod
780 1943 838 1977 ex
874 1927 1104 1976 omnibus
1145 1927 1397 1982 concinet;
1435 1926 1555 1976 illud
1594 1928 1755 1984 etiam,

144 1997 275 2061 quod
303 2013 361 2046 ex
390 1998 618 2046 omnibus
655 2003 704 2047 et
730 2013 789 2047 ex
816 2003 1046 2062 quattuor
1085 2002 1275 2046 constat
1309 1997 1388 2046 uel
1428 2012 1487 2046 ex
1527 1998 1756 2046 omnibus

144 2075 192 2116 et
219 2083 278 2116 ex
304 2068 520 2131 quinque
548 2067 628 2116 uel
653 2067 729 2117 bis
756 2083 814 2116 ex
841 2067 1083 2124 omnibus,
1113 2067 1242 2132 quod
1270 2066 1346 2116 bis
1373 2067 1608 2131 diapason
1635 2068 1755 2117 dici-

143 2143 239 2186 tur.
299 2137 384 2186 sed
414 2137 529 2186 illud
558 2137 688 2202 quod
717 2138 1036 2195 diatessaron,
1064 2138 1159 2187 hoc
1186 2143 1260 2186 est
1286 2153 1345 2187 ex
1373 2144 1605 2203 quattuor
1632 2138 1749 2187 dici·
1784 2152 1865 2194 951

256 2280 277 2318 l
313 2276 599 2321 ΚΛΤΛΕΟΝ
632 2279 671 2318 R
709 2275 728 2332 ΙΙ
769 2281 794 2320 3
824 2282 941 2319 nunt
971 2280 1008 2319 R
1046 2275 1066 2333 Η
1106 2278 1435 2319 desserendum
1465 2279 1504 2319 R
1541 2276 1560 2331 Η
1599 2280 1626 2318 4
1654 2286 1754 2331 post

141 2338 282 2374 acuta
311 2337 412 2376 add.
443 2349 533 2377 uox
563 2337 587 2376 b
634 2332 654 2388 ss
706 2336 732 2375 5
766 2341 868 2387 post
898 2335 992 2375 alia
1024 2336 1126 2375 add.
1160 2338 1266 2375 sunt
1296 2334 1319 2374 b
1367 2331 1386 2387 ΙΙ
1436 2335 1461 2373 6
1494 2334 1612 2386 quod
1642 2335 1666 2374 b
1715 2332 1736 2388 [l

139 2391 166 2430 8
197 2390 404 2431 diiuncta
435 2392 476 2431 B
515 2389 534 2445 ΙΙ
573 2393 599 2432 9
628 2396 728 2443 post
756 2394 903 2432 uarias
932 2396 1206 2431 correcturas
1238 2391 1443 2431 asinteta
1474 2390 1497 2430 b
1536 2394 1753 2442 syntetae

142 2446 177 2486 R
209 2451 444 2498 assytetae
475 2461 500 2486 r
538 2444 557 2501 ΙΙ
608 2450 654 2488 et
684 2460 763 2490 om.
785 2447 824 2487 R
862 2444 882 2500 {l
923 2448 972 2486 11
1006 2447 1074 2486 ita.
1105 2445 1204 2487 B¹R
1224 2442 1243 2500 Η
1289 2448 1355 2490 ,12
1389 2458 1614 2487 consensu
1643 2451 1751 2488 scri-

134 2504 209 2554 psi
254 2504 499 2544 consensui
531 2504 554 2543 b
603 2515 856 2543 consensus
886 2503 968 2542 BR
1030 2499 1050 2555 Η
1112 2502 1339 2543 rationem
1381 2516 1412 2554 p
1466 2515 1547 2555 per
1577 2503 1753 2556 portio·

139 2571 242 2599 nem
264 2559 302 2599 R
332 2561 673 2613 proportionem
704 2559 728 2599 b
766 2559 1025 2611 partionem
1054 2558 1097 2598 B
1134 2555 1156 2612 Π
1196 2559 1248 2598 14
1281 2558 1608 2599 conuenientia
1642 2559 1749 2600 Gro-

138 2615 221 2656 tius
243 2616 544 2656 conhibentia
564 2615 607 2654 B
638 2615 904 2655 conibentia
925 2614 993 2655 bB
1021 2611 1040 2668 Η
1070 2616 1124 2655 15
1157 2615 1407 2655 cromatica.
1435 2614 1517 2654 BR
1548 2611 1567 2669 ΙΙ
1597 2615 1748 2655 diato-

139 2671 237 2712 tiea
258 2671 301 2711 B
335 2669 354 2726 Η
397 2672 559 2712 archia
582 2671 663 2711 BR
690 2668 708 2724 [Ι
739 2673 790 2712 18
809 2678 850 2711 et
867 2674 919 2712 19
952 2671 1174 2711 emitonia
1193 2671 1275 2712 BR
1304 2668 1322 2724 ΙΙ
1351 2673 1405 2711 23
1437 2670 1644 2723 singulos
1666 2670 1749 2713 BR

139 2739 294 2768 omnes
325 2729 349 2769 b
397 2725 416 2783 Η
466 2731 766 2779 ouctteccotpotn
797 2728 834 2768 R
880 2724 901 2781 [Ι
938 2728 993 2767 25
1026 2726 1325 2770 ΔΙΑΡΑΕΟΝ
1356 2727 1399 2766 Β
1431 2726 1746 2770 ΙΛΙΑΠΑΕΟΝ

138 2783 176 2824 R
214 2781 232 2836 ΙΙ
273 2783 482 2826 eontinet
502 2783 603 2825 B¹R
642 2781 660 2838 Η
700 2785 754 2824 26
787 2797 841 2825 ex
862 2797 938 2825 om.
962 2783 999 2823 R
1020 2790 1119 2826 ante
1142 2788 1356 2838 quattuor
1394 2781 1413 2838 Ι]
1452 2786 1506 2826 28
1527 2784 1634 2826 illut
1654 2786 1692 2827 R
1711 2782 1731 2839 ΙΙ

138 2838 521 2895 ΑΙΑΤΕΕΕΔΡειΠ
554 2841 594 2880 Β
634 2840 653 2895 Η
