1982 3230
331 87 400 139 62
811 87 1110 129 MARTIANI
1142 87 1462 130 CAPELLAE

329 228 544 278 litteram
591 234 646 276 ut
687 229 740 276 in
787 242 1044 291 aggere,
1082 242 1208 292 quae
1258 229 1487 293 quotiens
1532 229 1810 293 geminatur
1856 231 1940 281 ad·
1973 212 1982 226 .

187 307 300 348 576
334 299 570 362 iungitur.
641 297 920 378 praefertur
955 297 998 347 R
1043 297 1235 348 litterae
1276 305 1330 348 ut
1379 313 1598 362 graue,
1649 299 1689 349 L
1724 305 1786 350 ut
1812 298 1940 365 gla-
1971 330 1982 354 -.;

214 448 296 488 252

214 798 295 838 253

212 937 295 978 254

211 1641 294 1682 256

209 1993 290 2033 257

329 369 492 424 dius,
534 367 575 417 N
606 374 660 416 ut
693 368 873 430 ignis.
943 369 992 417 in
1028 367 1064 417 C
1103 383 1300 434 quoque
1337 369 1646 418 conuertitur
1691 374 1746 418 ut
1794 384 1940 435 rego
1979 429 1982 431 ,

328 444 557 488 rector.
630 437 753 486 nihil
793 436 1038 510 [quoque]
1075 437 1335 488 concludit.
1402 438 1445 487 H
1493 439 1806 503 aspirationis
1853 455 1940 489 no-

311 515 422 565 tam
463 522 571 558 esse
611 495 937 557 certissimum
972 514 1058 558 est.
1099 523 1224 572 quae
1262 507 1526 573 aliquando
1563 508 1817 559 uocalibus
1857 525 1939 560 ac·
1968 533 1982 563 ς

326 578 456 627 cedit
500 585 555 628 ut
594 578 823 642 hospes
858 584 906 628 et
942 577 1142 628 heres
1217 574 1391 628 transit
1437 580 1489 627 in
1548 577 1592 628 X
1648 585 1703 628 ut
1759 580 1941 629 traho

327 650 500 698 traxi
569 648 696 697 hanc
751 649 931 699 Graeci
979 648 1269 698 diuiserunt.
1339 663 1453 697 nam
1486 663 1603 713 pars
1636 650 1740 699 eius
1772 649 1940 700 dexte-

325 719 430 766 rior
479 719 789 782 aspirationis
832 723 946 766 nota
991 724 1090 774 est,
1138 719 1334 768 sinistra
1382 720 1659 768 contrariae
1697 719 1982 784 significa-‘⁴

327 789 490 838 tionis.
538 788 614 837 ’Κ
651 803 773 837 uero
819 803 953 838 nunc
989 794 1105 837 nota
1152 793 1352 853 putatur
1410 803 1516 838 esse
1572 803 1706 838 nunc
1760 789 1938 846 littera,
1978 794 1982 798 ’

328 872 442 907 nam
483 859 588 908 eius
625 858 828 908 effectus
860 858 895 908 C
927 859 1181 920 integrare
1219 856 1356 924 <non
1396 858 1599 908 dubium
1639 864 1714 908 est
1751 858 1982 923 absquem'

329 927 405 978 his
448 927 665 992 kapita
722 927 1030 977 kalendae
1066 927 1442 979 kalumniae.
1525 929 1562 978 P
1612 935 1774 979 autem
1822 943 1938 979 con—

325 999 463 1047 uenit
526 999 775 1062 utrImque
830 996 1110 1056 uocalibuS,
1171 997 1213 1047 R
1258 997 1449 1048 litterae
1507 1001 1830 1064 praeponitur
1884 1006 1942 1048 ut

323 1068 663 1131 prandere,
703 1068 742 1117 L
782 1073 835 1117 ut
871 1067 1144 1132 placere,
1186 1068 1226 1117 T
1262 1074 1315 1118 ut
1347 1067 1768 1126 PtolemaeuS,
1817 1068 1850 1118 S
1885 1075 1940 1118 ut

273 1150 290 1160 ’
325 1139 662 1201 psittacus,
724 1138 766 1187 N
806 1144 860 1187 ut
914 1139 962 1186 in
1010 1138 1230 1203 Sypno.
1335 1139 1565 1188 terminat
1618 1154 1739 1188 uero
1799 1138 1935 1188 nihil.

325 1205 365 1264 Q
430 1208 629 1273 quidam
675 1208 887 1257 litteram
924 1223 1022 1257 non
1071 1208 1310 1272 putabant
1357 1214 1404 1258 et
1447 1210 1708 1258 uincerent
1752 1209 1845 1259 nisi
1884 1210 1982 1258 inu

325 1294 484 1342 equo
523 1286 571 1327 et
611 1279 902 1344 equitatu
937 1286 1199 1343 appareret
1227 1293 1475 1343 expresse.
1526 1293 1796 1344 numquam
1833 1279 1939 1329 sine
1975 1284 1982 1337 ζ

325 1348 516 1398 duabus
562 1348 818 1398 uocalibus
865 1350 1079 1412 ponitur,
1140 1364 1349 1413 quarum
1385 1350 1523 1412 prior
1573 1350 1665 1398 erit
1711 1349 1750 1396 V
1782 1354 1830 1398 et
1866 1350 1939 1398 sic

326 1424 519 1467 ceterae
552 1423 914 1483 consequenter
953 1424 1007 1468 ut
1047 1424 1311 1483 quartus
1360 1424 1619 1482 questus
1657 1419 1938 1478 Quirites
1976 1433 1982 1487 ξ

327 1494 554 1552 quotus
593 1504 805 1553 equus.
889 1494 1081 1538 constat
1122 1496 1284 1539 autem
1344 1504 1402 1538 ex
1452 1488 1487 1538 C
1535 1495 1583 1538 et
1637 1488 1677 1536 V
1722 1488 1982 1554 ideoque*-

326 1558 504 1622 duplex
534 1564 582 1607 et
608 1559 880 1622 composita
904 1559 1080 1608 dicitur
1102 1574 1195 1608 nec
1219 1561 1508 1622 geminatur.
1552 1557 1736 1609 nullam
1766 1561 1982 1622 singu-221

324 1627 477 1677 larem
514 1627 724 1677 litteram
766 1629 1166 1694 comprehendit,
1210 1629 1316 1678 finit
1353 1629 1487 1678 nihil.
1562 1628 1603 1678 T
1637 1628 1836 1679 uocales
1876 1644 1936 1679 ex

322 1705 534 1763 utroque
572 1698 822 1749 concludit
860 1705 913 1748 ut
956 1700 1006 1747 in
1044 1699 1472 1749 coniunctionibus
1519 1705 1568 1748 et
1612 1699 1933 1763 praepositio-

322 1768 480 1818 nibus.
550 1769 803 1832 praecedit
839 1769 877 1818 L
907 1775 962 1818 ut
995 1770 1044 1817 in
1081 1769 1465 1833 Tlepolemo,
1514 1769 1562 1818 M
1599 1771 1648 1818 in
1691 1767 1932 1825 Tmolo,
1978 1774 1982 1828 j

321 1838 363 1887 N
395 1840 444 1887 in
474 1840 718 1903 potnia,
770 1839 812 1888 R
856 1840 907 1888 in
956 1839 1157 1888 Troia.
1209 1840 1314 1888 finit
1359 1844 1533 1888 neutra
1580 1844 1761 1903 caput
1807 1840 1934 1888 sin·
1976 1843 1982 1866 ’Ξ

323 1910 498 1973 ciput
533 1908 674 1958 lact.
712 1908 943 1959 articulos
983 1910 1213 1959 terminat
1248 1915 1303 1958 ut
1341 1917 1486 1974 quot
1522 1914 1628 1958 tot.
1678 1908 1833 1958 uerba
1879 1903 1982 1963 u'tzi

325 1977 556 2042 legunt.
606 1978 896 2028 aduerbium
932 1984 980 2028 et
1013 1980 1404 2029 interiectionem
1438 1985 1494 2028 ut
1518 1985 1584 2028 ut
1609 1995 1770 2030 ****.
1839 1977 1872 2027 Z
1905 1993 1933 2027 a

326 2049 527 2098 Graecis
565 2047 735 2114 uenit>
768 2048 881 2098 licet
919 2049 1063 2097 etiam
1111 2050 1203 2112 ipsi
1241 2050 1402 2113 primo
1438 2049 1473 2099 C
1513 2049 1700 2099 Graeca
1729 2047 1932 2098 uteban-
1976 2067 1982 2105 j

323 2123 420 2174 tur,
459 2133 572 2168 nam
606 2117 858 2167 Sethum
897 2117 1149 2175 dicebant,
1198 2134 1345 2183 quem
1387 2133 1521 2167 nunc
1557 2118 1812 2168 Zethum
1861 2117 1932 2167 di·
1980 2149 1982 2154 .

325 2194 458 2236 cunt.
498 2194 664 2237 tamen
702 2187 824 2237 haec
861 2189 1103 2250 geminata
1133 2189 1278 2237 etiam
1303 2187 1363 2237 ab
1390 2189 1508 2251 ipsis
1535 2187 1759 2238 habetur.
1816 2201 1931 2237 nam
1975 2203 1982 2213 ’

311 2273 348 2323 ,a
388 2258 427 2306 T
460 2264 508 2307 et
546 2258 581 2308 C
621 2258 945 2322 componitur,
987 2273 1133 2322 quam
1173 2264 1227 2307 ut
1253 2258 1480 2308 aduertas
1503 2257 1766 2322 duplicem,
1787 2251 1982 2318 num-ai

433 2414 462 2453 4
483 2424 665 2465 quoque
688 2409 883 2466 deleuiu
861 2409 1245 2466 uadspirationis
1266 2413 1305 2453 R
1402 2413 1427 2453 5
1459 2410 1708 2463 aliquando
1731 2411 1755 2452 b
1786 2422 1928 2464 quan·
1975 2444 1982 2461 3

321 2468 377 2509 do
407 2469 489 2519 BR
526 2465 549 2522 Π
587 2468 768 2509 accedit
795 2468 927 2520 Kopp
932 2469 994 2508 ius
1026 2467 1197 2508 accidit
1216 2468 1299 2509 BR
1408 2469 1434 2509 8
1466 2467 1793 2521 adspirationis
1813 2468 1854 2508 R
1891 2463 1912 2522 ΙΙ
1978 2517 1982 2523 ¹

323 2527 374 2566 13
422 2527 472 2564 ut
499 2524 724 2578 prandere
753 2524 779 2564 b
817 2523 1041 2576 prandere
1072 2523 1158 2564 BD
1206 2521 1226 2577 Η
1274 2527 1293 2564 t
1322 2523 1632 2577 ptholomeum
1657 2525 1693 2562 Ῑ)
1730 2526 1751 2563 t
1776 2523 1926 2576 ptolo-
1979 2556 1982 2558 .

321 2593 448 2621 meus
469 2580 511 2620 B
540 2584 559 2621 t
587 2584 640 2621 ut
692 2579 914 2622 tolomeus
945 2580 969 2620 b
1018 2577 1038 2633 Η
1088 2593 1108 2620 5
1138 2581 1409 2633 psitacusD
1449 2593 1470 2620 s
1500 2579 1725 2632 psittacus
1744 2579 1788 2618 B
1823 2591 1845 2620 s
1876 2581 1929 2619 ut
1975 2611 1982 2633 ‚⁴

318 2637 547 2689 psittacus
578 2637 602 2677 b
640 2594 688 2691 Hp
709 2637 763 2677 14
803 2637 852 2677 in
882 2649 959 2676 om.
982 2637 1023 2676 D
1071 2633 1092 2690 Η
1134 2649 1328 2689 sympnu
1358 2636 1401 2676 B
1438 2635 1654 2689 oppidum
1682 2635 1754 2676 his
1790 2634 1926 2675 auiae
1978 2647 1979 2650 ¹

319 2694 420 2734 add.
444 2692 468 2733 b
498 2693 584 2732 sim
619 2706 677 2734 no
699 2695 742 2733 in
761 2706 849 2733 ras.
871 2690 918 2734 D
946 2688 965 2746 Η
992 2694 1047 2734 23
1077 2693 1346 2745 tleptolemo
1367 2693 1409 2732 D
1436 2689 1457 2745 ΙΙ
1482 2691 1657 2731 tmolon
1676 2691 1719 2730 D
1746 2648 1849 2743 ΙΓ24
1876 2693 1928 2731 ut
1975 2715 1982 2722 .

322 2760 407 2801 cap
410 2751 462 2788 ut
489 2749 531 2789 D
579 2706 616 2858 [ΓΙ
654 2749 708 2789 26
736 2762 819 2801 pro
847 2752 900 2790 ut
929 2751 1038 2790 coni.
1071 2752 1172 2789 atat
1196 2749 1367 2790 Grotius
1411 2747 1824 2799 (interiectionem:
1874 2749 1927 2786 ut
1974 2739 1982 2777 ¹·

319 2807 368 2842 ut
390 2807 440 2844 at
462 2807 510 2844 at
529 2802 629 2858 ΜΗ
620 2802 856 2858 Ilacunam
885 2806 1072 2845 indicaui

320 2859 373 2900 29
404 2861 589 2913 gemina
609 2860 652 2900 B
701 2858 720 2914 {l
767 2863 821 2902 30
852 2861 889 2901 T
921 2873 999 2901 om.
1021 2861 1059 2902 R

1168 2806 1221 2847 28
1252 2807 1398 2846 setum
1418 2803 1500 2844 BR
1537 2799 1560 2856 Π
1597 2806 1748 2844 zetum
1768 2802 1851 2843 BR
1887 2797 1966 2855 ΙΙ
