1982 3230
144 3 149 5 .
184 0 373 34 ³'‘7']'··‘⁴'⁴3⁸!¹”?⁸{'5'
455 3 466 11 ,.
572 0 580 6 f
639 0 996 43 ”⁸²55ss',¹''‘*‘*3''='¹‘'¹4''9⁸.'fl*l
1018 0 1156 27 ''‘>'”.‘⁴‘’⁴1'·'=

295 135 399 189 104
769 134 1073 187 MARTIANI
1100 134 1421 205 CAPELLAE

1201 252 1206 270 l

292 280 331 327 si
359 280 454 328 ani
484 292 510 324 u
529 277 581 326 al
610 276 916 326 uoluerimus
937 276 1176 334 diuidere,
1202 292 1465 342 possumus
1484 280 1534 328 in
1559 294 1742 329 sexus
1768 278 1898 345 quod

292 349 382 398 alia
417 353 532 398 sunt
567 347 838 399 masculina
865 346 955 397 alia
995 347 1242 406 feminina,
1282 365 1548 414 possumus
1573 350 1622 398 in
1657 355 1900 401 aetates
1960 384 1982 406 1·

293 419 426 484 quod
452 417 542 467 alia
571 424 685 468 sunt
711 421 869 467 ortiua
907 417 999 468 alia
1023 418 1257 468 iuuenilia
1285 418 1376 468 alia
1415 419 1611 478 senilia,
1640 435 1900 486 possumus

291 491 338 539 in
368 505 400 554 q
459 490 758 539 antitates
785 489 915 553 quod
943 489 1035 539 alia
1061 497 1175 538 sunt
1194 505 1347 554 parua
1375 489 1464 539 alia
1485 505 1660 555 magna
1681 490 1772 540 alia
1797 507 1899 542 me-

292 561 395 616 dia,
438 563 708 625 'possumus
745 561 795 609 in
842 561 1191 610 uarietates
1238 566 1439 610 motus
1488 562 1619 626 quod
1657 561 1748 611 alia
1787 567 1901 612 sunt
1920 573 1942 607 5

291 646 379 694 gra
425 631 574 680 ientia
612 630 706 680 alia
741 631 988 694 serpentia
1015 630 1105 679 alia
1141 633 1354 680 natantia
1390 631 1480 680 alia
1517 631 1746 690 uolantia,
1785 648 1899 698 pos·

292 716 462 751 sumus
486 702 538 749 in
578 701 1087 751 habitaculorum
1127 701 1600 768 diuersi->tates
1639 703 1769 768 quod
1807 702 1899 753 alia

293 779 407 822 sunt
447 771 674 836 aquatilia
710 771 803 821 alia
828 778 1025 821 terrena
1053 771 1144 820 alia
1179 773 1309 822 aeria
1337 771 1427 822 alia
1454 779 1508 822 ut
1541 788 1640 822 non
1678 773 1801 824 nulli
1827 773 1898 823 di-

294 849 411 892 cunt
436 843 858 907 ignea,*******
885 857 1146 906 possumus
1168 844 1216 892 in
1244 842 1499 905 linguae
1528 859 1742 894 sonum
1768 838 1899 910 quod

293 912 386 962 alia
413 918 526 962 sunt
550 913 798 974 loquentia
825 912 917 962 alia
945 915 1187 975 gementia
1214 913 1306 962 alia
1332 913 1557 963 latrantia
1585 914 1675 964 alia
1703 914 1893 964 ululan-
1916 926 1958 958 10

291 986 372 1033 tia.
451 986 663 1033 sciamus
701 991 862 1033 tamen
889 989 938 1032 et
973 982 1191 1046 singulas
1217 984 1460 1048 perfectas
1496 999 1602 1034 esse
1637 985 1900 1035 diuisiones

294 1062 342 1104 et
379 1070 552 1103 omnes
588 1056 636 1103 in
673 1052 876 1117 singulis
910 1054 1137 1103 inueniri.
1213 1069 1325 1103 nam
1371 1054 1639 1104 masculina
1676 1055 1898 1105 animalia

295 1131 503 1190 possunt
529 1131 577 1174 et
603 1124 662 1174 ab
685 1131 798 1174 ortu
822 1126 1038 1174 recentia
1067 1130 1113 1174 et
1132 1139 1286 1188 parua
1315 1131 1362 1173 et
1382 1126 1650 1187 gradientia
1678 1133 1726 1175 et
1742 1132 1899 1175 terre-

136 1212 218 1254 100
241 1210 276 1251 G
296 1197 414 1245 stria
442 1202 490 1245 et
525 1195 719 1260 bipedia
748 1201 797 1245 et
832 1194 1082 1261 loquentia
1119 1210 1242 1244 esse.
1321 1210 1438 1258 ergo
1466 1197 1640 1260 quauis
1665 1197 1735 1245 uti
1770 1195 1898 1251 licet,

178 1619 260 1660 347

179 1900 261 1941 348

294 1282 350 1316 ea
378 1274 541 1316 tamen
570 1266 738 1323 debeS,
767 1282 891 1330 quae
919 1272 991 1315 est
1017 1271 1126 1331 apta
1162 1272 1391 1330 suscepto
1429 1268 1639 1330 negotio.
1714 1281 1830 1316 nam
1855 1269 1894 1315 si
1919 1276 1963 1310 15

292 1337 382 1386 tibi
416 1338 477 1386 sit
514 1337 573 1385 de
609 1337 864 1386 hominum
898 1335 1042 1385 laude
1083 1336 1365 1394 dicendum,
1404 1337 1452 1385 in
1490 1336 1899 1386 rationabilia
1980 1335 1982 1339 ’

295 1414 342 1457 et
369 1407 605 1458 stolida
633 1407 854 1457 diuidere
881 1406 1142 1470 oportebit,
1171 1413 1225 1455 ut
1251 1423 1308 1456 eo
1335 1406 1477 1456 facile
1502 1408 1656 1470 possit
1680 1406 1900 1471 intellegi

293 1479 422 1528 inter
450 1479 613 1526 omnia
639 1477 864 1527 animalia
892 1492 1061 1526 rerum
1087 1483 1262 1526 natura
1290 1479 1456 1541 quanti
1492 1477 1716 1527 homines
1742 1477 1898 1528 habu-

297 1550 402 1607 erit,
424 1549 601 1613 quibus
621 1547 736 1597 solis
763 1548 823 1597 ad
850 1563 902 1597 se
930 1547 1328 1611 cognoscendum
1350 1549 1631 1596 ratiocinari
1657 1549 1894 1613 permisit.

433 1630 718 1669 ACCIDENS
757 1623 830 1668 est
856 1618 985 1683 quod
1022 1633 1122 1667 non
1149 1619 1240 1666 nisi
1276 1618 1431 1666 eidem
1461 1618 1648 1667 formae
1675 1618 1762 1668 sed
1797 1633 1896 1668 non
1920 1629 1962 1662 20

291 1704 486 1754 semper
513 1691 689 1746 euenit,
718 1696 772 1738 ut
797 1690 1115 1738 rhetorica
1152 1703 1251 1737 non
1277 1689 1371 1736 nisi
1395 1688 1585 1737 homini
1611 1688 1787 1738 accidit
1812 1689 1897 1739 sed

293 1762 338 1810 ei
363 1767 522 1826 potest
549 1766 596 1810 et
621 1775 720 1808 non
748 1761 989 1816 accidere,
1018 1765 1075 1808 ut
1095 1760 1319 1823 quamuis
1344 1760 1404 1807 sit
1424 1758 1597 1824 aliquis
1623 1760 1771 1808 homo
1798 1774 1897 1808 non

292 1833 352 1880 sit
377 1838 541 1880 tamen
581 1836 765 1879 orator.

434 1913 735 1951 PROPRIVM
771 1906 845 1950 est
872 1900 1002 1964 quod
1033 1906 1081 1949 et
1107 1899 1265 1949 eidem
1300 1901 1486 1950 formae
1523 1905 1570 1949 et
1606 1900 1670 1948 ita
1703 1914 1897 1964 semper

292 1973 470 2023 accidit
503 1978 558 2021 ut
590 1987 739 2021 unam
777 1985 1024 2034 quamque
1057 1986 1163 2019 rem
1202 1970 1262 2019 ab
1299 1973 1517 2020 omnium
1553 1971 1895 2020 communione
1917 1980 1959 2014 25

295 2043 599 2092 discriminet
633 2050 686 2091 ut
722 2043 770 2091 in
807 2042 1003 2090 homine
1040 2042 1221 2090 risus.
1296 2056 1409 2090 nam
1447 2055 1538 2090 nec
1576 2040 1740 2090 ridere
1766 2041 1896 2105 quis-

294 2129 441 2177 quam
469 2114 565 2162 nisi
591 2112 739 2161 homo
766 2116 939 2175 potest,
969 2127 1062 2160 nec
1086 2112 1235 2159 homo
1264 2127 1374 2160 cum
1403 2110 1629 2170 uoluerit,
1659 2117 1897 2176 quantum

293 2186 343 2233 in
370 2185 474 2232 eius
510 2188 684 2231 natura
722 2188 809 2239 est,
844 2182 1010 2230 ridere
1037 2196 1133 2230 non
1160 2187 1334 2244 potest.
1411 2187 1458 2230 et
1484 2181 1754 2230 differentia
1781 2195 1896 2244 pro·
1923 2195 1925 2198 ·

293 2255 403 2319 prio
443 2269 502 2303 eo
529 2253 675 2302 distat
701 2253 833 2316 quod
873 2251 1145 2300 differentia
1170 2266 1317 2300 unam
1346 2266 1589 2315 quamque
1616 2266 1723 2299 rem
1749 2250 1809 2300 ab
1837 2267 1895 2300 eo

292 2331 481 2374 tantum
522 2324 769 2387 distinguit
805 2322 936 2371 unde
975 2323 1196 2386 quaestio
1233 2327 1330 2377 est,
1375 2322 1631 2385 proprium
1675 2336 1795 2370 uero
1833 2320 1894 2370 ab
1915 2332 1960 2366 30

295 2394 538 2445 omnibus,
622 2409 733 2442 nam
771 2408 884 2442 cum
922 2392 1170 2442 hominem
1207 2407 1232 2441 a
1267 2391 1410 2440 leone
1443 2407 1533 2456 per
1571 2391 1895 2441 differentiam

410 2580 431 2617 1
464 2578 622 2617 uidere
643 2577 684 2616 D
731 2572 749 2630 ΙΙ
799 2579 824 2617 3
858 2578 905 2615 et
923 2575 1009 2615 BD
1040 2575 1137 2615 alia
1158 2575 1182 2615 b
1221 2571 1240 2628 ΙΙ
1286 2573 1510 2614 iuuenilia
1535 2574 1706 2615 Grotius
1735 2574 1894 2615 iuuen-

298 2634 411 2674 tutis
432 2633 517 2673 BD
565 2630 585 2686 Η
633 2634 658 2673 5
697 2633 973 2672 uarietatem
1003 2629 1060 2671 Β1
1111 2628 1131 2685 ss
1179 2631 1203 2670 6
1243 2631 1338 2670 alia
1367 2630 1575 2671 uolantia
1605 2644 1679 2671 om.
1708 2628 1810 2670 DB¹
1858 2626 1878 2683 ΙΙ

295 2693 319 2731 9
361 2690 576 2730 lacunam
614 2691 818 2729 indicauit
849 2689 1019 2728 Grotius
1073 2684 1092 2741 11
1150 2689 1204 2727 14
1241 2687 1450 2738 quamuis
1477 2687 1516 2726 R
1584 2682 1603 2740 Π
1644 2691 1747 2738 post
1781 2685 1898 2726 licet

294 2746 606 2787 addomnibus
634 2745 706 2785 Rm
760 2741 779 2799 Η
829 2746 879 2785 17
913 2743 1101 2783 stollida
1129 2743 1168 2783 R
1212 2739 1236 2797 ss
1284 2744 1336 2783 19
1376 2741 1741 2794 cognoscendam
1768 2741 1811 2780 B

293 2801 348 2841 20
379 2802 434 2843 de
466 2801 700 2842 accidenti
729 2807 827 2841 ante
859 2798 1074 2840 accidens
1105 2801 1205 2840 add.
1236 2798 1318 2839 BR
1364 2795 1383 2852 Η
1431 2799 1483 2838 21
1514 2797 1745 2838 rethorica.
1772 2798 1812 2838 R

294 2859 348 2897 22
388 2857 579 2909 quoduis
608 2856 711 2898 B¹R
756 2853 777 2911 [1
824 2858 880 2896 24
919 2855 1115 2908 quid-sit
1144 2855 1374 2908 proprium
1403 2859 1500 2894 ante
1530 2854 1762 2906 proprium
1792 2854 1894 2895 add.

302 2913 384 2954 BR
432 2911 452 2967 11
500 2914 674 2955 formae
706 2927 782 2955 om.
809 2912 847 2952 Β
869 2914 970 2954 add.
990 2912 1062 2952 Rm
1117 2908 1136 2965 ss
1184 2913 1237 2951 26
1268 2923 1355 2951 nec
1378 2923 1451 2951 om.
1476 2910 1515 2950 R
1552 2905 1573 2964 ΙΙ
