1982 3230
317 106 428 159 242
804 106 1104 147 MARTIANI
1135 105 1455 148 CAPELLAE
1943 0 1982 179 ἒ

323 247 486 312 gando
515 245 700 295 nullum
729 246 863 296 sidus
890 246 1171 302 obseruant,
1200 247 1362 295 auium
1394 262 1515 310 quas
1540 249 1711 298 uident
1735 248 1930 300 uolatus

321 323 572 367 secuntur.
622 317 874 380 quaternis
900 331 988 379 per
1014 331 1168 364 annos
1195 317 1447 367 mensibus
1473 318 1720 382 nauigant.
1769 319 1927 368 homi-

322 402 412 436 nes
439 386 506 434 ibi
533 401 744 450 corpore
781 387 1072 448 grandiores
1099 386 1226 434 ultra
1253 389 1471 436 omnium
1507 403 1815 446 mensuram,
1843 404 1927 439 ru-

322 456 436 506 tulis
463 458 643 513 comiS‚
673 455 911 506 caeruleis
938 455 1118 512 oculiS,
1146 457 1372 506 trucioris
1397 459 1531 512 soni,
1560 458 1693 507 nullo
1731 457 1926 523 linguae

324 528 626 575 commercio
674 528 806 590 genti
852 526 992 575 alteri
1037 527 1302 575 sociantur.
1380 543 1489 576 cum
1539 529 1931 591 negotiatoribus
1967 541 1982 574 ε

324 597 431 646 aliis
457 598 506 644 in
534 598 640 661 ripa
666 597 884 645 fluminis
910 611 1100 645 merces
1136 603 1390 661 apponunt
1415 613 1472 646 ac
1498 599 1579 647 uix
1611 598 1927 662 complacitas

324 672 530 717 mutant.
607 674 741 716 aetas
776 665 872 715 illis
907 665 1035 715 ultra
1072 666 1337 716 humanam
1376 666 1683 731 fragilitatem
1720 668 1924 733 prolixa,

328 743 380 786 ut
406 744 597 787 mature
624 743 794 800 pereat
821 738 903 801 qui
930 738 1238 786 centenarius
1266 738 1487 787 moritur.
1537 738 1654 787 nulli
1683 753 1771 802 per
1796 739 1925 788 diem

164 807 304 850 2256
324 822 541 856 somnus
597 822 789 856 annona
819 807 990 856 eodem
1018 822 1214 871 semper
1240 814 1426 857 tenore.
1479 808 1698 857 aedificia
1724 807 1925 857 humilia

210 878 293 918 698

210 1577 296 1616 699

324 893 594 942 paruaque.
653 879 805 926 uitem
842 878 1082 926 nesciunt.
1138 877 1415 926 redundant
1441 879 1614 941 pomis.
1664 877 1924 928 Herculem
1950 891 1982 924 ιε

325 947 509 996 colunt.
565 962 734 1011 regem
763 962 872 996 eum
890 985 902 1003 ‚
931 948 1014 1010 qui
1040 947 1202 995 mitior
1229 951 1470 1009 annisque
1507 949 1705 1010 grauior
1731 964 1789 997 ac
1823 949 1927 997 sine

325 1017 466 1082 prole
493 1017 641 1066 suerit
676 1016 862 1080 eligunt
897 1023 943 1065 et
969 1017 1007 1065 si
1044 1018 1095 1064 in
1121 1031 1276 1079 regno
1304 1016 1491 1080 prolem
1520 1019 1806 1081 susceperit,
1847 1033 1926 1066 re-

324 1095 528 1136 mouent
570 1087 922 1138 hereditarium
968 1086 1284 1135 formidantes
1330 1088 1606 1149 imperium.
1675 1096 1790 1136 cum
1829 1102 1926 1151 quo

324 1166 487 1207 tamen
525 1157 604 1206 alii
649 1158 843 1220 triginta
883 1164 1208 1219 cognoscunt,
1258 1162 1305 1205 et
1338 1158 1377 1205 si
1412 1157 1561 1206 suerit
1604 1163 1927 1220 prouocatum

324 1229 628 1291 septuaginta
666 1227 854 1276 iudices
879 1227 1015 1276 fiunt.
1090 1242 1175 1275 rex
1204 1226 1366 1275 Liberi
1392 1228 1544 1290 patris
1570 1227 1702 1276 cultu
1729 1242 1925 1290 compo·
1950 1240 1982 1272 ιε

328 1299 459 1347 nitur
497 1305 543 1347 et
578 1300 619 1346 si
663 1298 945 1361 peccauerit
989 1297 1246 1345 interdicto
1286 1298 1419 1345 omni
1455 1312 1546 1346 usu
1583 1303 1629 1346 et
1665 1296 1926 1362 conloquio

323 1366 589 1430 iugulatur.
650 1367 863 1416 culturas
891 1373 937 1415 et
962 1373 1168 1415 uenatus
1195 1373 1360 1415 amant
1388 1382 1560 1415 uerum
1587 1367 1818 1430 tigridum
1844 1373 1929 1416 aut

327 1437 719 1501 elephantorum.
794 1436 1143 1500 piscationibus
1188 1435 1494 1485 delectantur
1539 1438 1926 1502 praesertimque

326 1508 643 1560 testudinum.
674 1522 882 1569 quarum
909 1506 1168 1569 superficie
1195 1506 1367 1554 domos
1393 1505 1688 1555 familiarum
1718 1521 1924 1570 capaces

326 1580 569 1642 operiunt.
645 1578 822 1626 dehinc
848 1576 1066 1625 habitant
1092 1575 1467 1639 Ichthyophagi,
1505 1591 1627 1640 quos
1653 1575 1926 1625 Alexander
1948 1587 1982 1620 a(

326 1650 463 1697 uesci
490 1646 706 1711 piscibus
732 1647 906 1696 uetuit.
957 1661 1048 1695 nec
1073 1645 1218 1708 longe
1245 1644 1401 1694 insula
1430 1645 1555 1694 Solis
1582 1661 1706 1710 quae
1732 1646 1925 1702 dicitur,

327 1724 376 1767 et
403 1718 737 1782 Nympharum
761 1716 922 1765 cubile
950 1715 1149 1771 rubens,
1177 1717 1225 1763 in
1255 1731 1349 1779 qua
1378 1731 1522 1764 omne
1549 1714 1727 1764 animal
1754 1717 1802 1765 ui
1829 1716 1925 1764 ser-

327 1789 461 1837 uoris
489 1788 776 1837 absumitur.
853 1802 971 1835 mox
997 1786 1177 1848 Ypanis
1205 1786 1490 1835 Carmaniae
1525 1785 1730 1842 ssuuiuS‚
1767 1801 1794 1834 a
1829 1800 1926 1848 quo

325 1859 540 1921 primum
568 1858 717 1922 aspici
746 1856 1107 1921 septentriones
1133 1856 1387 1918 incipiunt.
1465 1855 1640 1904 deinde
1667 1861 1767 1904 tres
1791 1856 1926 1904 insu-

325 1927 430 1983 lae,
459 1929 508 1976 in
536 1927 712 1992 quibus
739 1927 881 1992 hydri
907 1927 1082 1981 marini
1117 1926 1344 1974 uicenum
1372 1932 1485 1974 sunt
1511 1924 1801 1974 cubitorum.
1874 1927 1924 1974 in
1947 1935 1982 1967 Ξ

320 1998 400 2046 his
419 1997 643 2046 Rubrum
662 2012 798 2046 mare
823 1995 1049 2045 litoribus
1069 1997 1179 2044 sinu
1200 1997 1396 2058 gemino
1418 1995 1709 2058 disparatur.
1750 2009 1924 2044 uerum

325 2069 518 2116 ortiuus
549 2067 774 2116 Persicus
810 2067 987 2114 dicitur
1013 2072 1216 2129 propter
1255 2065 1613 2114 habitationem
1645 2066 1924 2120 Persarum,

323 2138 412 2200 qni
449 2139 584 2186 sinus
612 2138 763 2185 uicies
792 2143 838 2185 et
871 2137 1121 2199 sexaginta
1151 2135 1279 2184 milia
1309 2136 1515 2184 circuitu
1543 2140 1688 2198 patet.
1755 2149 1813 2184 ex
1840 2133 1924 2183 ad-

354 2335 379 2373 2
440 2276 580 2372 {7699
614 2289 669 2316 ex
701 2275 856 2316 Solino
887 2287 930 2327 p.
955 2276 1051 2324 223,
1079 2274 1258 2314 14-—16
1289 2277 1335 2313 et
1360 2275 1412 2314 18
1433 2296 1487 2301 —
1508 2275 1605 2325 224,
1628 2275 1654 2314 8
1686 2277 1731 2314 et
1758 2287 1800 2326 p.
1825 2274 1926 2323 225,

326 2336 349 2373 1
383 2354 438 2360 -

442 2460 463 2498 1
505 2459 655 2498 auium
688 2469 801 2509 quas
828 2456 1171 2508 uidentem-ipsi
1217 2456 1369 2495 auium
1400 2459 1624 2507 quasueut
1653 2455 1733 2494 BR
1771 2454 1925 2494 auium

327 2527 441 2568 quas
473 2514 644 2554 uehunt
675 2513 698 2553 b
739 2514 1036 2564 auiumquase
1069 2517 1119 2551 ut
1149 2526 1172 2552 r
1221 2509 1239 2565 ΙΙ
1288 2514 1312 2551 2
1345 2515 1592 2563 sequuntur
1621 2511 1645 2551 b
1694 2507 1713 2564 ΙΙ
1759 2513 1786 2550 3
1815 2510 1926 2548 ruti-

324 2572 381 2611 lis
404 2572 426 2611 b
466 2567 485 2623 Η
524 2571 550 2610 5
584 2570 848 2623 commertio
870 2569 951 2608 BR
990 2565 1008 2622 Η
1049 2568 1185 2608 alteri
1206 2569 1269 2608 bR
1298 2567 1422 2607 literi
1448 2567 1484 2606 Β
1525 2564 1543 2620 ΙΙ
1583 2568 1633 2606 11
1657 2566 1809 2606 colant
1829 2565 1867 2604 R
1887 2561 1905 2617 ΙΙ

326 2627 552 2678 annisque
584 2640 642 2666 ex
663 2625 808 2666 Selino
835 2639 879 2677 p.
903 2628 1001 2674 219,
1028 2627 1080 2665 18
1109 2625 1208 2669 add,
1233 2623 1474 2664 Lndeclcius
1519 2620 1538 2676 Η
1579 2623 1629 2662 17
1659 2619 1928 2673 iungulatur

321 2682 426 2723 B'R
475 2679 492 2735 ΙΙ
541 2684 596 2722 20
624 2682 851 2734 ictyofagi
881 2681 963 2721 BR
1012 2678 1030 2734 Η
1079 2682 1131 2719 22
1165 2680 1359 2720 ferboris
1392 2677 1449 2718 B¹
1499 2674 1517 2731 ΙΙ
1568 2679 1621 2717 23
1659 2676 1815 2728 Hyani
1842 2674 1923 2716 So-

319 2741 433 2779 linus
460 2753 503 2790 p.
527 2739 628 2787 224,
656 2740 683 2777 3
733 2734 751 2790 ΙΙ
801 2737 1066 2790 germaniae
1090 2736 1170 2775 BR
1201 2749 1315 2777 corr.
1343 2749 1373 2787 p
1403 2747 1459 2775 ex
1489 2732 1632 2773 Solino
1682 2729 1700 2785 Η
1749 2734 1802 2772 25
1833 2731 1922 2771 idri
1952 2765 1961 2769 -

324 2794 408 2834 BR
446 2791 464 2847 Η
504 2796 555 2834 27
588 2793 763 2833 ortibus
791 2792 885 2833 B¹R
923 2789 941 2846 l}
982 2794 1035 2832 28
1066 2792 1212 2832 uicies
1247 2795 1292 2832 et
1323 2790 1534 2841 sexagies
1567 2794 1763 2828 centena
1793 2787 1926 2827 milia

319 2848 496 2890 Solinus
514 2864 559 2902 p.
583 2852 683 2902 225,
707 2851 761 2889 15
800 2846 818 2901 11
1050 2867 1055 2869 ·
