1982 3230
277 134 385 186 314
758 107 1060 178 MARTIANI
1090 133 1411 176 cAPELLAE

282 274 594 340 quinoctialis
629 289 890 323 mensurae
918 273 1065 322 horas
1090 273 1223 323 XIIII
1252 280 1299 323 et
1324 280 1622 333 sextantem,
1650 275 1890 328 brumalis
1927 274 1933 279 ’

281 361 404 394 uero
431 345 580 393 horas
607 360 784 394 nouem
822 350 869 393 et
896 343 1146 392 dimidiam
1181 360 1238 393 ac
1266 346 1459 394 tertiam
1487 347 1788 411 portionem,
1815 350 1888 398 ui-

283 416 445 481 cissim
471 414 722 464 brumales
754 420 926 464 noctes
962 413 1228 464 solstitialis
1263 415 1359 464 diei
1396 416 1703 480 temporibus
1728 420 1891 483 porri·

282 492 479 547 guntur,
510 486 648 534 cuius
674 485 800 535 lucis
822 492 1041 549 tempora
1061 486 1263 549 suscipit
1288 500 1383 534 nox
1406 488 1608 537 aestiua.
1649 489 1697 536 in
1717 488 1889 555 tanta>

282 556 522 605 uarietate
548 555 932 619 diuersitateque
958 562 1239 619 temporum
1278 554 1397 604 illud
1437 557 1661 619 profecto
1697 555 1884 622 colligi-
1930 571 1952 604 5

172 641 254 680 847
288 634 369 674 tur
390 628 529 690 signa
556 626 775 690 aequalia
803 640 900 674 non
927 625 1171 675 habenda.
1210 627 1290 674 cui
1312 626 1619 677 conclusioni
1646 635 1694 677 et
1717 644 1887 679 rerum

284 697 469 745 ueritas
496 703 544 746 et
571 702 740 745 nostra
779 695 949 758 regula
989 696 1284 759 refragatur.
1350 697 1608 760 multiplici
1634 699 1762 748 enim
1791 698 1887 748 cle·

284 767 578 831 psydrarum
601 767 904 830 adpositione
927 773 1252 815 monstratum
1281 769 1443 816 omnia
1463 769 1600 830 signa
1620 770 1756 833 paria
1776 785 1886 834 spa-

282 837 344 885 tia
377 838 647 886 continere.
698 852 808 885 cum
839 838 968 885 enim
997 836 1190 885 diuersa
1219 842 1438 900 tempora
1462 838 1511 886 in
1540 845 1650 887 ortu
1675 839 1888 889 habeant

281 912 429 970 atque
456 922 647 964 occasu,
675 913 838 955 tamen
866 908 908 956 si
933 908 1151 956 omnium
1180 911 1318 955 ortus
1343 923 1644 973 occasusque
1670 924 1885 974 conpen-
1908 923 1951 954 10

281 991 380 1033 seS,
420 976 612 1026 uidebis
648 977 708 1026 ad
746 976 945 1040 plenum
984 976 1174 1039 conlata
1216 980 1458 1026 mensuris
1494 978 1779 1043 aequalibus
1804 995 1883 1029 re-

167 1054 248 1094 848
281 1047 542 1110 spondere.
607 1062 780 1097 uerum
819 1047 909 1111 hac
938 1047 1223 1112 quaestione
1250 1054 1585 1097 consummata
1613 1049 1704 1098 alia
1733 1049 1884 1099 subti-

280 1117 373 1166 lior
395 1118 454 1166 de
482 1119 650 1182 spatiis
676 1117 930 1181 inparibus
957 1117 1246 1166 obiectatur.
1287 1117 1455 1166 dicunt
1482 1119 1637 1168 enim:
1665 1120 1705 1168 si
1730 1120 1885 1184 spatia

283 1189 537 1251 signorum
583 1187 802 1252 aequalia
841 1189 937 1236 sint
985 1193 1067 1236 aut
1095 1186 1177 1236 Sol
1203 1187 1422 1236 tardiore
1461 1203 1606 1237 cursu
1646 1190 1886 1253 quaedam

283 1256 420 1322 signa
457 1260 776 1315 transcurrit,
805 1265 888 1308 aut
928 1254 1022 1325 [in]
1053 1258 1244 1307 dierum
1281 1259 1404 1306 ratio
1432 1258 1714 1308 diuersitate
1748 1275 1884 1309 men·
1908 1271 1953 1304 15

277 1329 409 1377 titur.
468 1329 552 1377 sed
579 1336 769 1378 constat
819 1327 982 1377 Solem
1010 1329 1331 1377 Geminorum
1367 1329 1558 1391 signum
1602 1330 1800 1392 triginta
1837 1337 1885 1379 et

242 1460 244 1462 ι
280 1397 472 1447 duobus
504 1399 677 1448 diebus
714 1413 1005 1452 excurrere,
1036 1398 1281 1460 Sagittarii
1318 1404 1480 1447 autem
1507 1398 1723 1456 XXVIII,
1754 1406 1883 1450 cete-

281 1469 445 1532 risque
471 1470 622 1532 signis
648 1477 730 1517 aut
757 1469 880 1517 adici
908 1474 989 1517 aut
1015 1468 1205 1516 detrahi
1232 1467 1419 1531 aliquas
1445 1470 1723 1533 portiones;
1751 1471 1883 1534 quod

280 1539 502 1602 profecto
530 1554 629 1588 non
655 1540 823 1594 fieret,
852 1539 892 1586 si
920 1545 1003 1587 aut
1029 1537 1112 1586 Sol
1150 1538 1342 1602 aequali
1369 1553 1519 1588 cursu
1553 1539 1767 1590 ferretur
1802 1545 1885 1589 aut

280 1610 416 1671 signa
457 1610 624 1672 spatiis
658 1608 861 1672 paribus
897 1608 1247 1663 tenderentur;
1286 1607 1370 1656 Sol
1409 1614 1571 1657 autem
1619 1609 1788 1658 eadem
1827 1625 1883 1660 ac
1903 1621 1948 1654 20

279 1684 517 1742 perpetua
555 1678 807 1728 celeritate
847 1678 1078 1734 festinat:
1109 1677 1403 1741 relinquitur
1430 1684 1483 1726 ut
1517 1679 1668 1740 signis
1702 1681 1882 1743 spatio·

162 1756 245 1796 849
278 1763 388 1797 rum
433 1748 700 1812 aequalitas
744 1749 1033 1812 denegetur.
1110 1749 1196 1797 sed
1237 1748 1370 1797 hunc
1417 1763 1612 1813 quoque
1657 1764 1883 1800 errorem

276 1820 443 1883 opinio
470 1821 744 1869 inueterata
773 1820 1054 1882 conposuit,
1084 1833 1228 1883 quam
1258 1833 1433 1867 omnes
1458 1820 1695 1868 hactenus
1721 1820 1879 1869 credi-

277 1889 411 1945 dere,
441 1905 587 1954 quem
616 1890 675 1939 ad
696 1890 899 1938 modum
925 1891 1018 1953 ipsi
1039 1889 1222 1937 mundo
1241 1888 1577 1953 sphaeraeque
1603 1895 1882 1953 postremae

277 1965 481 2008 centron
520 1966 594 2008 est
628 1966 786 2017 terra,
826 1961 888 2008 ita
926 1966 974 2008 et
1009 1958 1182 2008 solaris
1220 1958 1391 2007 circuli
1428 1959 1633 2008 eandem
1669 1966 1877 2009 centron
1901 1969 1946 2003 25

121 2035 256 2075 287G
278 2044 409 2086 esse,
439 2030 569 2094 quod
599 2031 798 2079 omnino
826 2029 1001 2078 falsum
1039 2044 1146 2078 esse
1172 2044 1270 2077 non
1297 2029 1499 2078 dubium
1528 2035 1613 2078 est.
1688 2044 1802 2079 nam
1829 2035 1882 2078 ut

276 2099 470 2148 diuersa
499 2101 655 2164 spatia
692 2099 1065 2148 sunteaelestis
1101 2099 1314 2148 ambitus
1334 2098 1619 2163 'circulique
1644 2099 1878 2157 medialiS‚

274 2170 340 2217 ita
380 2175 428 2218 et
463 2169 671 2218 diuersis
708 2176 992 2218 centrorum
1040 2170 1192 2231 signis
1228 2170 1522 2232 punctisque
1568 2175 1878 2233 torquentur,

276 2253 373 2301 quo
399 2239 478 2295 fit,
504 2245 559 2287 ut
583 2246 717 2288 terra
743 2238 917 2288 solaris
943 2238 1114 2287 circuli
1141 2243 1346 2287 centron
1372 2253 1471 2286 non
1498 2239 1559 2287 sit
1584 2239 1672 2288 sed
1699 2254 1875 2288 eccen-

385 2437 410 2474 9
442 2439 652 2486 tempora
673 2448 751 2475 om.
774 2433 874 2475 B¹R
913 2432 930 2488 Η
974 2437 1023 2474 12
1056 2437 1280 2474 summata
1301 2446 1414 2476 corr.
1434 2440 1477 2473 ut
1497 2435 1664 2474 uidetur
1683 2435 1727 2474 in
1757 2446 1878 2474 sum-

271 2497 396 2531 mota
415 2491 459 2530 B
490 2494 806 2531 consummata
837 2491 886 2531 br
917 2496 1140 2531 summota
1160 2490 1199 2530 R
1247 2486 1265 2543 Η
1307 2492 1358 2530 13
1389 2496 1487 2530 ante
1519 2491 1559 2529 si
1587 2492 1689 2531 add.
1714 2493 1802 2531 etr
1837 2487 1860 2544 Η

272 2548 326 2587 15
379 2546 427 2586 in
465 2560 542 2589 om.
581 2546 1084 2587 Ettenlzez'milnsterensis
1127 2547 1411 2597 interpolatus
1474 2542 1493 2598 Η
1562 2548 1611 2586 17
1662 2545 1878 2599 sagittari

270 2600 370 2642 B¹R
409 2600 427 2656 Η
470 2605 520 2643 19
542 2604 750 2656 perfecto
769 2603 810 2642 R
838 2599 856 2653 Η
885 2605 935 2642 21
956 2607 1057 2654 post
1076 2602 1351 2652 relinquitur
1371 2603 1470 2642 add.
1493 2608 1535 2642 el
1555 2604 1635 2644 del.
1658 2613 1765 2654 ergo
1786 2601 1810 2641 b
1850 2598 1857 2653 Ι

270 2660 323 2696 22
355 2659 475 2699 hunc
509 2671 685 2711 quoque
727 2671 924 2699 errorem
962 2660 1064 2700 add.
1095 2672 1120 2698 r
1147 2663 1188 2698 et
1217 2659 1260 2697 in
1285 2670 1375 2699 ras.
1408 2658 1430 2697 b
1474 2657 1600 2698 -hanc
1629 2669 1733 2697 nem
1761 2657 1800 2697 R

270 2716 324 2754 23
348 2718 539 2754 actenus
560 2714 661 2754 B¹R
687 2711 707 2767 Η
746 2716 801 2754 24
830 2713 1023 2754 mundus
1040 2714 1078 2754 R
1106 2710 1124 2767 Η
1152 2713 1405 2766 sphereque
1426 2714 1464 2754 R
1488 2712 1546 2765 'sp
1559 2713 1689 2763 (corr.
1702 2725 1761 2752 eae
1777 2711 1814 2764 f)
1828 2725 1874 2752 e-

269 2782 441 2821 raeque
472 2770 514 2810 B
563 2768 582 2824 Η
630 2772 680 2810 27
714 2772 756 2810 in
786 2784 874 2810 ras.
898 2770 1267 2822 aequistantibus
1298 2769 1322 2809 b
1363 2768 1575 2810 caelestis
1605 2767 1805 2808 ambitus
1835 2769 1877 2808 R

267 2830 314 2864 et
331 2837 467 2877 supra
487 2828 588 2869 add.
611 2840 638 2866 a
658 2826 682 2866 b
730 2823 750 2879 Η
799 2829 852 2867 29
885 2829 1130 2866 eccentron
1150 2825 1193 2865 B
1225 2828 1432 2866 eeentros
1463 2824 1487 2864 b
1518 2824 1878 2865 haeccentrosR

265 2883 394 2921 terra
424 2883 524 2925 add.
548 2883 597 2922 br
632 2879 656 2935 Η
1041 2881 1047 2884 ’
1871 2915 1879 2918 .
