1982 3230
268 82 372 134 246
754 81 1054 123 MARTIANI
1085 79 1406 122 CAPELLAE
1885 51 1901 60 ⁰
1918 0 1982 182 ἲ

413 221 595 272 ‘Omnis
629 237 739 271 mea
775 237 901 286 quae
931 223 987 270 -in
1023 221 1264 272 infinitum
1304 230 1608 287 propagatur
1648 225 1871 280 assertio,

269 294 489 343 numeris
532 291 772 356 lineisque
810 292 1129 349 discernitur,
1168 308 1291 357 quae
1325 307 1458 342 nunc
1496 308 1735 357 corporea
1770 301 1872 344 tum

268 365 564 426 incorporea
610 361 1011 426 comprobantur.
1088 377 1201 411 nam
1247 378 1399 412 unum
1445 364 1680 428 estquod
1726 365 1875 413 animi
1970 359 1982 414 ἒ

268 432 370 481 sola
399 431 813 497 contemplatione
839 434 1194 496 conspicimUS,
1223 433 1354 482 aliud
1382 434 1513 496 quod
1551 434 1693 483 etiam
1721 432 1875 489 oculis

267 504 536 551 intuemur.
615 518 789 552 uerum
825 504 963 567 prior
988 518 1126 567 pars,
1167 518 1290 567 quae
1325 518 1651 553 numerorum
1686 502 1874 568 regulis
1917 515 1938 548 5
1970 555 1971 558 ,

268 572 639 637 rationibusque
685 574 987 637 concipitur,
1046 588 1310 637 germanae
1349 589 1492 623 meae
1527 575 1875 623 Arithmeticae

269 642 548 706 deputatur.
625 642 715 692 alia
752 649 826 693 est
858 643 1058 692 linearis
1093 649 1240 706 atque
1278 643 1550 708 apodictica
1587 644 1731 693 huius
1766 643 1875 708 pul-

113 726 249 769 2285
269 713 402 761 ueris
440 713 630 762 erudita
659 714 896 776 cognitio,
934 729 1059 778 quae
1095 714 1290 778 quidem
1328 713 1387 763 ab
1423 715 1731 779 incorporeis
1757 729 1874 778 pro·

271 788 434 831 creata
471 798 527 832 ac
563 785 744 832 sensim
781 787 833 833 in
868 783 1161 848 multiplices
1188 783 1371 833 formas
1410 785 1619 848 effigiata
1654 786 1791 834 tenui
1817 799 1876 833 ac

268 853 350 902 uix
387 852 705 902 intellectuali
738 855 983 917 principio
1019 856 1069 902 in
1111 853 1299 903 caelum
1329 869 1526 918 quoque
1562 854 1870 904 subuehitur.
1895 869 1937 901 ιο

157 939 236 978 707
269 922 402 987 quod
429 923 627 988 quidem
654 925 1003 987 incorporeum
1029 923 1374 987 inuisibileque
1392 925 1718 988 primordium
1739 939 1872 973 com-

267 1007 417 1041 mune
461 993 579 1041 mihi
625 1009 737 1042 cum
784 993 1102 1042 Arithmetica
1155 994 1452 1057 repperitur.
1538 1010 1652 1043 nam
1701 1009 1874 1053 monas

268 1062 486 1112 eiusdem
523 1063 799 1112 insecabilis
839 1065 1116 1127 procreatio
1161 1078 1484 1112 numerorum
1521 1071 1616 1119 est,
1655 1063 1873 1127 mihique

266 1134 462 1196 signum
484 1140 706 1190 uocatur,
731 1134 863 1197 quod
883 1140 1054 1197 utpote
1075 1133 1559 1196 inconprehensibile
1581 1141 1722 1197 parte
1739 1133 1874 1184 nulla

267 1202 591 1260 discernitur,
630 1204 757 1267 apud
793 1203 927 1252 illam
964 1204 1080 1268 dyas
1115 1203 1294 1252 liueam
1330 1203 1469 1260 facit,
1508 1205 1627 1252 mihi
1659 1203 1787 1253 linea
1821 1205 1872 1253 in
1898 1218 1939 1252 15

265 1271 623 1335 longitudinem
682 1274 827 1322 ducta
881 1273 1148 1322 latitudinis
1205 1273 1325 1322 nihil
1379 1288 1585 1337 prorsus
1643 1274 1870 1338 adquirit.

267 1343 557 1406 superficies
595 1344 710 1391 item
746 1343 865 1392 mihi
892 1351 989 1392 tam
1025 1343 1170 1406 longe
1196 1343 1389 1407 lateque
1416 1343 1588 1393 diffusa
1624 1345 1731 1393 sine
1755 1358 1873 1407 pro-

267 1411 507 1461 funditate
534 1419 778 1468 censetur,
807 1412 875 1461 illi
902 1428 1153 1470 numeruS‚
1176 1415 1258 1476 qui
1285 1414 1471 1462 cunctis
1498 1413 1734 1462 accedere
1761 1428 1873 1477 spe-

267 1481 437 1530 ciebus
471 1484 712 1546 gregatim
757 1482 1133 1547 singulatimque
1169 1491 1357 1547 potest,
1413 1484 1507 1531 nisi
1551 1482 1704 1533 rebus
1748 1485 1870 1532 inci-

266 1552 348 1600 dat
397 1554 721 1616 incorporeus
773 1554 1039 1602 inuenitur.
1115 1567 1234 1616 ergo
1278 1553 1574 1615 incorporea
1616 1554 1871 1618 utriusque
1894 1569 1935 1600 20

263 1622 519 1686 principia.
1349 1638 1352 1643 ·

151 1693 232 1734 708
405 1692 587 1740 Verum
625 1694 813 1756 primae
849 1693 979 1757 apud
1020 1708 1100 1742 me
1143 1693 1521 1742 formandorum
1565 1692 1870 1742 schematum

265 1767 430 1825 partes
457 1763 608 1812 duae:
650 1777 747 1811 una
776 1777 901 1825 quae
929 1763 1109 1812 dicitur
1145 1762 1389 1826 planariS,
1430 1778 1575 1827 quarn
1613 1761 1869 1814 ἐπίπεδον

264 1832 455 1882 Graece
491 1832 626 1882 soleo
653 1847 957 1889 memorare,
997 1832 1090 1882 alia
1117 1832 1294 1890 solida,
1334 1848 1480 1897 quam
1507 1831 1722 1895 ετερεόν
1751 1833 1877 1881 ᾱίοἰ-’

262 1918 388 1952 mus.
465 1909 512 1951 et
547 1904 728 1966 prioris
762 1903 1058 1966 principium
1095 1909 1169 1952 est
1202 1904 1438 1965 (ημεῑον,
1477 1903 1607 1967 quod
1633 1909 1868 1966 punctum
1891 1917 1934 1951 25

261 1972 342 2021 uel
369 1973 561 2034 signum
582 1972 844 2022 Latiariter
865 1972 1164 2038 appellatur;
1194 1975 1540 2036 consequentis
1565 1973 1868 2036 superficies,

265 2057 390 2106 quae
416 2041 705 2106 ἐπιφανεία
743 2043 935 2092 dicitur.
1010 2048 1250 2108 punctum
1286 2058 1407 2092 uero
1445 2048 1541 2098 est,
1581 2044 1719 2092 cuius
1753 2057 1869 2107 pars

262 2110 385 2160 nihil
407 2118 494 2168 est,
518 2127 643 2176 quae
671 2113 711 2161 si
731 2112 828 2160 duo
850 2113 1047 2170 suerint,
1085 2113 1212 2162 linea
1237 2114 1555 2176 interiacente
1581 2114 1867 2176 iunguntur.-

261 2180 387 2230 linea
425 2196 547 2230 uero
587 2189 678 2237 est,
717 2196 864 2244 quam
907 2181 1147 2245 γραμμήν
1186 2197 1434 2238 uocamus,
1474 2183 1578 2230 sine
1611 2182 1868 2231 latitudine

377 2365 399 2403 1
423 2362 598 2403 finitum
620 2361 679 2402 B¹
719 2359 737 2415 Η
777 2363 802 2402 6
834 2363 1111 2416 conspicitur
1132 2362 1155 2402 b
1189 2360 1209 2416 Η
1250 2363 1539 2403 aritmeticae
1562 2361 1622 2401 B¹
1656 2360 1675 2415 Η
1712 2365 1735 2403 7
1759 2375 1868 2415 apo-

263 2418 438 2459 dictica
468 2419 492 2459 b
524 2419 682 2472 optica
702 2419 784 2458 BR
824 2415 842 2473 Η
890 2421 914 2459 9
945 2419 1119 2459 sensib·
1142 2432 1168 2458 r
1206 2415 1224 2473 Η
1271 2419 1319 2458 in
1349 2420 1450 2459 add.
1470 2433 1499 2470 p
1539 2415 1558 2472 Η
1599 2420 1652 2459 10
1683 2419 1868 2459 subuei-

259 2478 334 2514 tur
365 2475 405 2514 B
453 2471 473 2529 Η
524 2477 575 2515 11
606 2475 924 2527 incorpoream
955 2474 1013 2514 B¹
1063 2472 1082 2529 Η
1140 2476 1191 2515 12
1226 2475 1486 2515 aritmetica
1513 2475 1556 2514 B
1605 2471 1624 2527 ΙΙ
1675 2476 1727 2515 13
1764 2487 1865 2527 pro-

261 2531 472 2584 gregatio
494 2529 555 2571 B¹
619 2528 624 2584 Ι
675 2533 725 2571 17
757 2532 858 2570 itim
877 2530 978 2571 B¹R
1017 2528 1034 2585 ΙΙ
1086 2531 1138 2571 18
1170 2531 1395 2571 accedere
1415 2529 1517 2571 B¹R
1556 2526 1574 2583 Η
1625 2531 1677 2571 19
1707 2529 1867 2582 singil-

260 2587 486 2639 latimque
516 2601 542 2626 r
591 2584 596 2639 l
659 2588 712 2626 22
743 2590 997 2627 seematum
1025 2587 1107 2628 BR
1154 2583 1174 2641 Η
1222 2588 1276 2628 23
1308 2586 1535 2639 epipedon
1566 2586 1645 2625 BR
1679 2586 1867 2626 Graecos

260 2645 463 2683 terminos
493 2644 537 2682 z'n
563 2656 595 2694 p
629 2644 830 2695 deinceps
862 2645 1104 2684 emendatos
1134 2656 1227 2684 esse
1257 2644 1498 2695 Singillatim
1527 2655 1610 2683 non
1640 2641 1793 2682 notabo
1842 2639 1848 2692 Ι

259 2700 316 2738 24
355 2702 540 2739 stereon
556 2698 639 2738 BR
669 2699 832 2739 stirion
861 2699 885 2739 b
927 2696 945 2752 ΙΙ
986 2701 1039 2740 25
1074 2699 1239 2740 simion
1258 2698 1340 2739 BR
1375 2695 1399 2752 ss
1437 2700 1492 2738 26
1526 2696 1808 2738 latialiterR

259 2755 320 2793 ad
351 2754 675 2807 consequentis
717 2751 850 2805 (corr.
882 2768 941 2795 ea:
973 2753 1327 2807 consequentes)
1369 2755 1470 2794 add.
1502 2753 1526 2792 b
1559 2752 1608 2794 al
1638 2765 1779 2804 quens

256 2810 314 2848 27
348 2810 598 2862 epiphania.
618 2810 701 2850 BR
750 2807 770 2864 Η
819 2812 871 2851 29
903 2812 1198 2867 grammenR
1228 2822 1417 2864 gramen
1437 2809 1479 2849 B
1517 2805 1536 2861 ΙΙ
