1982 3230
3 0 46 125 ξ
770 67 958 110 LIBER
987 69 1028 111 v
1623 67 1726 119 179

113 226 187 270 ea,
215 226 340 278 quae
364 212 416 260 in
442 210 610 275 priore
643 207 871 258 membro
897 214 1146 272 postrema
1182 214 1451 273 ponuntur,
1479 210 1531 259 in
1557 215 1724 275 poste·

110 284 247 333 riore
272 283 432 347 prima
458 285 753 344 repetuntur
779 286 834 329 ut
860 285 934 329 est
957 278 1079 329 illud
1105 279 1308 330 Terenti

367 355 534 415 ‘negat
558 350 687 399 hanc
714 349 807 399 sibi
834 357 1094 414 cognatam
1120 350 1398 415 Demipho?

364 421 494 471 hanc
520 420 763 484 Demipho
791 426 936 484 negat
962 435 1068 470 esse
1096 422 1421 483 cognatam?'

65 506 87 539 5
111 489 507 558 προεαπόδοειε
532 491 742 541 redditio
770 491 1006 540 orationis
1032 490 1080 539 id
1109 496 1182 540 est
1209 505 1322 540 cum
1349 505 1532 541 nomen
1558 493 1609 563 in
1635 507 1723 556 po-

109 572 290 615 strema
314 570 455 627 parte
480 561 696 611 membri
722 566 807 610 aut
833 560 1003 610 eadem
1030 575 1374 626 quaecumque
1400 576 1518 625 pars
1545 563 1724 612 oratio-

107 636 186 684 nis
219 633 465 691 redditur,
504 647 564 682 ex
591 647 684 697 qua
722 632 852 681 idem
891 630 1172 680 membrum
1211 632 1398 696 coepit,
1438 638 1493 681 ut
1519 633 1561 681 si
1587 633 1723 683 dicas

110 703 216 754 ‘tibi
243 703 545 754 calamitates
570 704 815 766 imputare
842 701 990 751 debet
1015 716 1096 751 res
1121 700 1334 766 publica,
1364 702 1483 752 tibi’.
1526 701 1725 755 ἐπανα-

105 773 258 839 φορά
291 772 495 830 relati0,
534 774 761 838 quotiens
796 786 887 836 per
913 772 1105 836 singula
1141 771 1366 822 membra
1403 773 1575 822 eadem
1611 788 1727 838 pars

42 858 85 890 ιο
108 846 343 894 orationis
368 844 609 910 repetitur
635 843 731 893 hoc
762 842 910 892 modo
939 844 1136 892 ‘Verres
1164 839 1546 893 calumniatores
1572 858 1724 907 appo-

106 914 270 974 nebat,
292 914 472 965 Verres
499 914 559 964 de
586 929 733 963 causa
760 912 1107 976 cognoscebat,
1128 913 1308 963 Verres
1334 913 1725 977 pronuntiabat'.

75 983 434 1052 ,ἀντιετροφή
472 985 752 1035 conuersi0.
827 983 949 1032 haec
987 983 1146 1047 figura
1182 983 1276 1032 hoc
1314 983 1479 1034 differt
1525 999 1552 1033 a
1579 999 1725 1048 supe·

105 1057 255 1114 riore‚
293 1055 426 1120 quod
451 1058 503 1105 in
528 1053 610 1103 illa
638 1054 699 1103 ab
728 1053 899 1104 eadem
933 1060 1073 1118 parte
1100 1055 1339 1104 orationis
1374 1056 1570 1118 saepius
1604 1056 1727 1105 inci-

109 1128 257 1192 pitur,
293 1126 374 1175 hic
410 1126 458 1174 in
495 1125 668 1175 eadem
704 1125 1012 1180 terminatur,
1050 1132 1105 1174 ut
1132 1130 1205 1173 est
1239 1139 1331 1189 pro
1358 1124 1563 1175 Fonteio
1591 1126 1725 1186 ‘fru-

41 1211 84 1244 15
105 1201 265 1248 mente·
297 1196 543 1246 maximus
580 1209 817 1245 numerus
845 1210 870 1244 e
898 1193 1075 1251 Gallia,
1112 1194 1357 1259 peditatus
1393 1195 1725 1258 amplissimae

108 1268 279 1333 copiae
305 1282 331 1316 e
359 1265 510 1317 Gallia
529 1304 541 1322 ,
580 1265 769 1329 equites
808 1279 1018 1314 numero
1053 1264 1256 1329 plurimi
1283 1280 1308 1314 e
1336 1264 1526 1314 Gallia'.
1604 1281 1724 1329 (υμ-

107 1336 283 1399 πλοκή
311 1337 534 1386 conexiO.
597 1350 712 1384 nam
742 1335 985 1402 et-incipit
1011 1335 1206 1399 saepius
1232 1334 1292 1384 ab
1321 1350 1418 1385 una
1445 1342 1586 1401 parte
1613 1352 1724 1386 ora-

105 1408 252 1457 tionis
279 1412 328 1457 et
345 1408 522 1456 totiens
547 1407 600 1455 in
626 1419 776 1455 unam
805 1405 1012 1455 eandem
1035 1405 1213 1455 desinit
1237 1411 1292 1455 ut
1312 1412 1385 1455 est
1411 1407 1542 1471 ‘quis
1561 1406 1724 1472 legem

106 1476 244 1528 tulit?
270 1476 457 1527 Rullus,
508 1477 616 1541 quis
643 1476 815 1525 decem
841 1477 977 1525 uiros
1004 1491 1128 1540 quos
1155 1475 1313 1525 uoluit
1339 1478 1557 1527 creauit?
1590 1478 1723 1528 idem

40 1563 83 1596 20
106 1547 319 1598 Rullus'.
402 1545 765 1598 πολύπτωτον
811 1561 870 1596 ex
912 1545 1138 1609 pluribus
1190 1546 1384 1597 casibus
1426 1550 1564 1611 quod
1610 1562 1722 1598 cum

106 1620 304 1684 saepius
343 1618 531 1668 initium
579 1617 639 1667 ab
680 1617 850 1667 eadem
886 1624 1028 1681 parte
1073 1618 1309 1667 orationis
1344 1618 1451 1676 fiat,
1498 1617 1582 1667 illa
1617 1619 1721 1683 ipsa

106 1704 224 1754 pars
259 1687 668 1739 declinationibus
705 1693 790 1737 aut
842 1688 1065 1736 numeris
1108 1688 1396 1738 immutatur
1432 1703 1523 1752 per
1563 1703 1721 1745 casus,

106 1765 159 1808 ut
185 1764 260 1809 est
285 1761 504 1809 ‘senatus
530 1759 683 1815 iussit,
723 1758 914 1807 senatui
946 1757 1142 1821 placuit,
1180 1764 1406 1807 senatum
1434 1764 1625 1809 certum
1652 1766 1725 1809 est

108 1830 436 1894 praecepisse,
465 1844 489 1877 3
518 1834 693 1878 senatu
730 1826 949 1876 delectus
977 1831 1086 1876 est’.
1145 1825 1450 1891 ευνωνυμία
1488 1834 1562 1879 est
1588 1844 1722 1878 com-

43 1918 85 1950 25
109 1900 278 1948 munio
315 1899 543 1954 nominis,
582 1898 807 1963 quotiens
838 1912 939 1946 uno
966 1897 1122 1948 uerbo
1159 1913 1261 1947 non
1286 1900 1402 1948 satis
1437 1898 1723 1963 dignitatem

26 1986 28 1988 ’
108 1970 184 2019 rei
219 1977 309 2021 aut,
336 1968 720 2032 magnitudinem
748 1968 1144 2017 demonstramus
1179 1969 1390 2032 ideoque
1416 1970 1477 2018 ad
1515 1970 1723 2020 eandem

108 2039 510 2104 significationem
537 2037 678 2103 plura
707 2038 1022 2088 conferimus,
1100 2037 1424 2100 ταυτολογία
1449 2047 1524 2089 est
1549 2040 1721 2091 eadem

220 2224 246 2263 3
276 2221 455 2265 Phorm.
479 2223 518 2270 2,
541 2223 582 2274 3,
604 2222 630 2262 5
660 2219 675 2275 ΙΙ
715 2222 768 2262 10
798 2220 1044 2262 seeundum
1063 2220 1162 2265 Cic.
1183 2223 1314 2264 Verr.
1338 2223 1385 2263 II
1406 2224 1430 2273 ξ
1452 2225 1506 2265 26
1537 2221 1551 2277 ΙΙ
1584 2224 1637 2263 14
1669 2237 1725 2264 ex

105 2279 239 2331 parte
268 2279 439 2319 amissa
466 2279 508 2326 4,
538 2279 564 2318 8
600 2275 614 2330 ΙΙ
654 2277 707 2322 18
738 2277 987 2318 seeundum
1016 2276 1114 2318 Cic.
1146 2278 1201 2319 de
1230 2279 1335 2332 lege
1366 2292 1463 2333 agr.
1492 2280 1539 2320 II
1568 2280 1592 2330 ξ
1622 2281 1677 2320 22

220 2446 247 2485 2
292 2445 501 2486 Terentii
543 2446 593 2486 br
651 2443 674 2500 Π
738 2447 763 2486 5
801 2445 1103 2499 proapodosis
1144 2447 1225 2488 BR
1287 2445 1306 2502 Η
1360 2446 1561 2488 redditio
1603 2445 1724 2487 radi-

107 2501 248 2543 tionis
269 2500 394 2542 B¹R¹
453 2499 471 2555 ΙΙ
531 2503 556 2543 8
587 2501 677 2542 tibi
701 2502 783 2542 BR
811 2502 1003 2555 publiea
1041 2503 1129 2544 tibi
1158 2504 1182 2544 b
1237 2501 1257 2557 ΙΙ
1311 2504 1555 2544 immutare
1587 2502 1728 2544 debe-

107 2570 181 2599 res
218 2557 408 2611 publiea
435 2557 516 2598 BR
564 2555 583 2612 ΙΙ
631 2557 720 2598 tibi
769 2559 870 2598 add.
900 2558 1095 2600 Halmius
1158 2557 1179 2614 Π
1240 2562 1267 2601 9
1308 2563 1378 2600 est
1407 2559 1577 2600 relatio
1610 2559 1633 2599 b
1687 2555 1707 2613 ΙΙ

114 2615 167 2656 13
197 2614 245 2654 in
275 2615 374 2655 add.
398 2615 592 2654 Halmius
631 2611 650 2668 ΙΙ
691 2615 744 2654 14
773 2613 851 2653 hie
871 2613 914 2652 B
943 2614 1062 2655 haec
1083 2615 1148 2656 Rb
1187 2613 1206 2670 ΙΙ
1246 2616 1466 2657 frumenti
1486 2617 1590 2657 add.
1618 2615 1725 2656 Gro-

113 2672 195 2711 tius
241 2666 263 2724 ss
318 2671 371 2711 16
410 2670 629 2724 synploee
657 2670 740 2710 BR
795 2665 817 2723 Π
874 2671 926 2709 19
969 2676 1069 2722 post
1098 2670 1236 2712 tulit?
1273 2671 1433 2712 Rullus
1464 2674 1586 2713 colon
1625 2671 1726 2724 quis

111 2726 260 2767 tribus
283 2727 472 2768 sortitus
497 2728 597 2767 est?
626 2725 786 2766 Rullus
816 2726 986 2766 uidetur
1014 2728 1230 2769 eaecidisse
1255 2728 1422 2769 Halmio
1462 2725 1480 2782 [l
1520 2729 1575 2769 20
1606 2728 1725 2780 quod

117 2783 217 2824 add.
233 2783 429 2824 Halmius
452 2780 476 2838 fl
513 2785 567 2825 23
598 2786 786 2824 senatus
808 2780 962 2834 iussit]
994 2784 1055 2823 ‘in
1076 2784 1155 2825 hoc
1184 2787 1378 2837 exemplo
1404 2784 1725 2838 CapellaAqui-

112 2841 206 2890 lam,
239 2840 381 2881 ducem
409 2853 538 2892 suum,
570 2841 756 2893 reliquit'
788 2838 981 2879 Halmius
1030 2836 1050 2892 ΙΙ

1283 2907 1386 2959 12*

1756 708 1854 753 534.

1755 1555 1840 1596 535
