1924 3282
149 506 232 546 228

148 997 233 1039 229

122 1618 234 1659 516

951 4 965 15 x
1023 0 1167 19 sanz-:¹275
1185 0 1419 27 '‘z-‘'mzty‘ffi-‹ssr
1478 8 1484 16 1

1012 19 1055 31 ,-;.
1103 19 1142 29 ,ψ-
1207 23 1216 34 ,-
1245 27 1248 29 Α
1271 18 1350 37 21⁴..
1376 14 1500 48 *⁶2:529
1538 30 1613 60 ,ἡαπ
1650 39 1663 59 ,³

257 142 330 196 56
543 203 546 206 q
741 144 1041 187 MARTIANI
1072 144 1393 188 OAPELLAE

261 284 514 350 plenitudo
552 284 776 334 obtusior
801 290 948 350 atque
982 284 1248 335 immobilis
1276 293 1450 351 torpor
1486 287 1736 338 insederat
1757 301 1873 353 gra·-

263 356 356 404 dus
404 369 702 420 percurrere
759 355 1097 419 scandereque
1155 370 1301 420 quam
1349 356 1616 421 plurimum
1661 372 1922 443 operumffg

262 424 712 489 praepositionibus
749 430 831 473 aut
866 425 1295 475 coniunctionibus
1330 433 1420 476 aut
1463 428 1761 491 participatis
1794 428 1870 476 in-

264 496 439 545 sistere
464 500 666 558 totaque
694 494 940 544 curandos
962 500 1067 545 arte
1094 496 1306 559 fatigari.
1355 495 1520 562 <hanc
1558 499 1706 562 igitur
1731 497 1869 547 femi·
1912 484 1924 527 3·

262 579 375 614 nam
403 563 487 613 tali
521 564 786 614 multorum
815 566 1067 614 curatione
1106 565 1364 615 callentem
1392 581 1504 616 cum
1540 567 1743 616 deorum
1770 581 1869 616 non
1907 579 1924 626 ς

261 633 383 683 nulli
418 633 629 684 latricen
665 634 744 683 alii
783 634 1129 685 Genethliacen
1168 635 1378 685 diuersis
1420 651 1587 686 rerum
1635 636 1871 701 operibus

262 705 576 754 aestimarent
601 705 962 770 addereturque
987 704 1100 754 fidei
1125 706 1355 755 medendi
1376 705 1588 756 sollertia
1616 707 1746 771 quod
1763 721 1870 756 eam
1910 711 1924 762 ς’-

266 774 499 838 opitulari
535 790 681 839 posse
718 773 821 823 oris
856 777 985 824 uitiis
1021 790 1113 825 nec
1150 775 1309 825 Pallas
1346 776 1614 839 denegaret
1648 791 1740 826 nec
1765 777 1871 840 ipse
1916 802 1923 822 ·.

262 846 534 908 Maiugena,
561 845 998 895 inconsentaneum
1026 852 1190 895 tamen
1216 846 1475 896 uidebatur
1501 847 1734 896 incedere
1766 861 1887 896 me„
1913 872 1924 885 ·-

262 914 420 963 dicam
447 914 745 978 penulatam.
797 915 1080 979 idcircoque
1106 915 1166 964 ab
1195 931 1250 965 ea
1279 922 1327 966 et
1351 931 1528 965 nomen
1569 922 1616 966 et
1653 916 1867 966 officium
1890 913 1924 982 11

264 999 407 1034 suum
435 999 492 1036 ao
516 985 667 1034 totius
694 986 933 1048 expositio
961 987 1080 1034 artis
1106 987 1394 1049 exquiritur.
1444 991 1563 1036 tunc
1595 986 1674 1035 illa
1709 991 1763 1035 ut
1795 986 1866 1035 fa·
1915 994 1924 1024 ἒ

263 1053 454 1103 miliare
503 1054 719 1104 habehat
768 1069 1015 1118 exponere
1063 1061 1378 1118 percunctata
1421 1071 1478 1105 ao
1515 1056 1695 1106 docere
1729 1054 1871 1106 facile
1922 1073 1924 1121 j

265 1139 390 1188 quae
417 1124 477 1173 ab
509 1124 680 1173 eadem
717 1123 1098 1188 quaerebantur,
1125 1124 1308 1187 penula
1335 1140 1362 1174 a
1398 1125 1598 1175 dextera
1626 1141 1737 1175 cum
1763 1140 1870 1174 mo·
1913 1148 1924 1171 ᾖ,

265 1194 415 1243 destia
442 1195 846 1260 uerecundiaque
870 1193 1085 1243 releuata
1114 1195 1183 1243 sic
1210 1195 1371 1258 coepit
1407 1194 1759 1258 εΓραμμα·ιίκή
1797 1194 1869 1243 di·
1916 1196 1924 1258 ξ

266 1279 351 1312 cor
377 1265 426 1312 in
455 1264 683 1321 Graecia,
713 1264 843 1328 quod
880 1263 1087 1327 γραμμή
1124 1263 1253 1313 linea
1289 1270 1338 1313 et
1369 1263 1646 1328 γράμματα
1679 1264 1870 1317 litterae
1891 1262 1924 1327 ri

263 1341 615 1397 nuncupentur
652 1335 871 1398 mihique
911 1335 974 1383 sit
1018 1334 1318 1383 adtributum
1363 1333 1651 1384 litterarum
1685 1334 1870 1384 formas
1915 1336 1924 1382 ’ἓ

263 1405 479 1467 propriis
506 1403 734 1452 ductibus
759 1403 960 1452 lineare.
1013 1404 1224 1468 hincque
1251 1404 1370 1453 mihi
1395 1404 1634 1456 Romulus
1661 1405 1698 1453 l
1702 1405 1869 1454 ittera·
1916 1406 1924 1467 j

263 1482 406 1522 turae
427 1488 606 1522 nomen
637 1474 877 1536 ascripsit,
900 1475 1124 1552 quamuis
1144 1469 1380 1523 infantem
1402 1489 1481 1523 me
1502 1475 1868 1523 Litterationem
1910 1478 1924 1532 3'

263 1542 478 1592 uoluerit
523 1542 848 1609 nuncupare>
883 1544 953 1592 sic
975 1548 1029 1592 ut
1067 1544 1194 1606 apud
1223 1544 1439 1593 Graecos
1469 1542 1924 1607 Γραμματιετική

262 1614 491 1679 primitus
531 1612 807 1670 uocitahar,
837 1619 954 1661 tunc
981 1619 1028 1661 et
1053 1613 1314 1663 antistitem
1353 1614 1487 1663 dedit
1521 1620 1568 1662 et
1602 1619 1868 1667 sectatores
1889 1582 1924 1671 91

225 1686 227 1688 ’
263 1682 548 1746 impuberes
575 1683 878 1746 adgregauit
929 1683 1094 1747 itaque
1121 1691 1333 1732 assertor
1366 1684 1524 1732 nostri
1570 1698 1703 1733 nunc
1739 1683 1868 1733 litte·
1915 1684 1924 1722 ’ἱ

149 2067 232 2108 230

263 1760 401 1802 ratus
436 1753 640 1808 dicitur,
678 1752 922 1801 litterator
959 1759 1101 1802 antea
1137 1752 1424 1802 uocabatur.
1462 1753 1558 1802 hoc
1594 1755 1735 1802 etiam
1783 1752 1868 1802 Ca·

261 1822 413 1872 tullus
464 1823 659 1887 quidam
709 1837 809 1870 non
859 1823 1075 1871 insuauis
1124 1828 1266 1885 poeta
1314 1830 1666 1872 commemorat
1701 1823 1868 1871 dicens
1912 1823 1924 1895 22

265 1894 477 1941 munus
522 1893 603 1941 dat
647 1891 737 1941 tibi
785 1891 917 1941 Sulla
953 1891 1231 1942 litterator?
1281 1893 1413 1942 idem
1474 1893 1601 1956 apud
1653 1893 1868 1942 Graecos
1910 1900 1924 1947 1

263 1961 853 2026 γραμματοδιδάεκαλοε
878 1963 1139 2011 uocitatur.
1608 2020 1610 2026 ,
1887 1963 1924 2029 ²¹³}

391 2060 617 2108 Officium
630 2074 751 2108 uero
772 2074 935 2126 meum
958 2065 1076 2108 tunc
1094 2059 1255 2108 suerat
1275 2059 1417 2109 docte
1437 2059 1657 2109 scribere
1677 2058 1865 2124 legere÷
1916 2063 1924 2093 ἒ

264 2143 376 2192 que.
427 2143 560 2178 nunc
589 2130 732 2176 etiam
760 2128 874 2178 illud
903 2130 1107 2177 accessit
1132 2134 1184 2177 ut
1208 2145 1371 2179 meum
1400 2131 1463 2178 sit
1498 2129 1690 2179 erudite
1722 2128 1865 2178 intel·
1920 2140 1924 2185 j

262 2198 429 2261 legere
468 2196 797 2262 probareque.
859 2213 983 2261 quae
1019 2198 1116 2246 duo
1151 2198 1271 2246 mihi
1295 2198 1378 2247 uel
1414 2214 1522 2247 cum
1563 2199 1866 2262 philosophis
1911 2260 1924 2264 „

264 2269 543 2331 criticisque
578 2268 808 2316 uidentur
846 2282 954 2316 esse
990 2269 1283 2316 communia.
1350 2283 1467 2332 ergo
1493 2269 1697 2316 istorum
1726 2274 1863 2331 quat·
1916 2264 1924 2313 ἴ

264 2343 375 2386 tuor
411 2338 506 2386 duo
545 2339 704 2386 actiua
732 2337 935 2386 dicenda
972 2342 1102 2394 sunt,
1138 2337 1233 2385 duo
1261 2339 1545 2401 spectatina.
1588 2339 1644 2387 si
1667 2337 1863 2401 quidem
1885 2345 1924 2405 aq

262 2407 590 2471 impendimus
615 2408 856 2456 actionem
883 2421 992 2455 cum
1030 2407 1144 2470 quid
1183 2407 1539 2456 conscribimus
1573 2407 1862 2471 legimusue,

263 2478 571 2541 sequentium
598 2491 720 2526 uero
747 2475 1027 2539 spectaculo
1065 2476 1342 2526 detinemur
1368 2492 1478 2526 cum
1506 2477 1688 2541 scripta
1723 2476 1862 2526 intel·
1918 2512 1924 2521 .

261 2546 470 2609 legimus
510 2552 593 2596 aut
618 2545 884 2610 probamus
912 2545 1010 2611 [et]
1040 2545 1152 2595 licet
1186 2548 1311 2595 inter
1348 2562 1401 2596 se
1436 2546 1644 2611 quadam
1683 2560 1862 2609 cogna-

377 2688 399 2725 1
449 2686 687 2726 obtunsior
721 2686 759 2726 R
814 2682 834 2739 Η
893 2687 918 2726 3
967 2687 1046 2724 aut
1084 2686 1184 2726 add.
1221 2682 1331 2739 pss
1387 2685 1412 2725 6
1452 2684 1696 2725 hiatricem
1723 2680 1793 2725 B”

260 2741 600 2794 genethliacem
629 2742 714 2782 BD
763 2740 1107 2794 genethliacam
1146 2741 1203 2781 bd
1221 2699 1274 2794 pss
1331 2743 1383 2781 12
1431 2743 1704 2794 percontata
1733 2739 1776 2779 B

262 2799 315 2836 14
335 2797 701 2849 uerecondiaque
724 2798 764 2836 D
803 2795 822 2851 [1
863 2797 914 2836 15
946 2799 1198 2848 grammate
1219 2796 1304 2840 BD
1343 2793 1362 2851 [J
1400 2799 1452 2836 21
1475 2797 1544 2836 ita
1565 2794 1795 2847 quodB¹R

259 2854 314 2892 24
348 2853 438 2948 (ἔα.
460 2855 578 2961 14,Π9
616 2850 635 2907 [l
674 2853 793 2906 sylla
814 2852 895 2894 BR
933 2849 971 2905 ΙΙ
992 2853 1045 2893 32
1076 2856 1346 2904 sequentum
1367 2852 1448 2893 BR
1468 2865 1579 2893 corr.
1600 2865 1630 2904 p
1669 2848 1688 2905 ΙΙ
1728 2853 1782 2893 33
1816 2852 1864 2891 et

258 2919 336 2949 om.
394 2914 470 2949 ant
