1982 3230
348 166 504 207 XVIII
562 163 910 206 PRAEFATIO
942 165 1006 205 IN
1036 163 1405 206 MARTIANVM
1436 146 1766 208 CAPiflLLAM

350 292 741 357 quattuordecim
779 305 932 339 annos
970 296 1133 344 natus,
1171 304 1468 354 quamquam
1507 305 1607 340 non
1645 291 1816 343 dubito
1842 287 1982 360 quius

346 376 456 441 plus
491 365 814 440 praestiturus
847 375 1049 430 fuisset,
1090 375 1131 422 si
1167 373 1387 423 codicem
1425 390 1568 424 suum
1594 378 1717 428 meis
1752 374 1978 441 similemf

346 466 573 509 accurate
601 465 831 508 excutere
854 459 1079 522 dignatus
1101 464 1244 507 esset.
1274 458 1395 507 nihil
1418 459 1962 525 egitWaltharduS,

347 558 408 592 ne
448 544 659 593 Graecas
695 544 891 607 quidem
935 543 1122 592 litteras
1159 540 1426 606 depingere
1470 544 1625 594 ualuit
1659 548 1959 605 Goezius,

347 642 556 690 quorum
593 633 801 691 uterque
837 629 1028 690 priores
1067 626 1190 675 duos
1230 626 1385 676 libros
1421 629 1571 678 edidit
1605 629 1729 680 alter
1764 631 1959 697 Bernae

345 726 386 760 a.
432 710 567 761 1763
614 711 734 761 alter
772 711 1124 774 Norimbergae
1169 726 1210 760 a.
1254 709 1405 761 1794.
1468 726 1558 776 ego
1595 720 1832 779 quantum
1866 710 1966 780 po?

346 797 412 844 tui
440 811 552 844 suas
587 795 815 844 omnibus
843 795 1111 845 editoribus
1140 796 1448 846 coniecturas
1483 797 1745 863 adscripsi,
1782 815 1875 864 qua
1901 800 1955 850 in

344 895 399 929 re
425 879 544 929 illud
565 879 690 930 male
716 895 795 928 me
821 879 982 937 habet,
1012 880 1144 944 quod
1171 897 1296 946 quae
1322 882 1449 930 inter
1470 883 1745 933 Bodianum
1773 890 1822 934 et
1835 882 1958 942 Vul-

345 966 538 1013 caniunl
574 965 805 1028 prodiere
844 964 1083 1014 editiones
1111 972 1309 1028 praeter
1337 967 1668 1017 Basileensem
1705 982 1807 1018 non
1834 968 1978 1026 uidi,v

343 1056 396 1097 ut
421 1049 714 1112 aliquotiens
744 1048 1031 1098 Vulcanium
1062 1049 1243 1114 aliquid
1277 1051 1563 1100 emendasse
1595 1052 1953 1109 adnotauerim,

344 1132 402 1181 de
430 1147 527 1195 quo
563 1132 642 1182 ille
672 1139 842 1182 contra
880 1135 1286 1183 consuetudinem
1322 1134 1443 1184 nihil
1480 1136 1621 1193 dicit,
1657 1144 1712 1186 ut
1749 1137 1956 1202 suspitio

342 1217 528 1266 oriatur
556 1219 625 1266 eis
652 1219 702 1265 in
729 1217 878 1267 rebus
906 1218 965 1267 ab
992 1217 1074 1268 illo
1103 1220 1397 1269 anteriorem
1428 1221 1718 1278 editionem,
1750 1221 1955 1272 fortasse

342 1300 695 1357 Mutinensem,
737 1317 1018 1365 expressam
1048 1319 1179 1360 esse,
1222 1319 1315 1368 qua
1340 1311 1504 1354 tamen
1529 1304 1741 1356 Ebertus
1767 1297 1954 1369 princi-

342 1399 453 1448 pem
482 1386 625 1434 modo
653 1388 911 1449 repetitam
949 1402 1055 1437 esse
1083 1389 1348 1438 contendit.

483 1470 550 1518 De
578 1472 698 1519 meis
724 1473 771 1519 in
801 1471 1107 1521 emendando
1134 1472 1408 1522 rationibus
1433 1488 1584 1522 unum
1621 1473 1796 1523 addam
1821 1473 1953 1524 indi-

341 1559 531 1617 gestum
561 1555 607 1602 in
632 1555 886 1624 particulis
912 1556 971 1605 ab
999 1557 1107 1621 ipso
1137 1557 1420 1620 excogitatis
1441 1559 1683 1607 sermonis
1702 1565 1951 1609 tumorem

340 1645 436 1686 tam
468 1639 700 1688 intactum
730 1640 955 1690 relictum
989 1656 1095 1691 esse
1122 1656 1268 1705 quam
1288 1641 1486 1690 foedam
1515 1642 1874 1707 neglegentiam
1901 1644 1951 1693 in

339 1721 459 1771 locis
487 1722 692 1774 aliorum
721 1726 1017 1788 scriptorum
1045 1741 1070 1774 a
1098 1725 1334 1775 Martiano
1364 1729 1622 1791 excerptis.
1674 1729 1739 1777 ita
1766 1727 1950 1777 factum

340 1815 413 1856 est
438 1813 492 1855 ut
519 1807 808 1872 aliquotiens
835 1809 1189 1860 Luedeckio
1220 1809 1296 1874 (de
1312 1810 1546 1860 Marciani
1574 1811 1798 1876 Capellae
1821 1810 1948 1862 libro
1977 1844 1982 1846 -

338 1898 474 1940 sexto
502 1892 760 1957 Gottingae
783 1892 933 1959 1862)
965 1896 1303 1957 Boettgero
1333 1894 1453 1960 (uid.
1482 1910 1530 1959 p.
1557 1895 1689 1961 XIII)
1717 1895 1950 1967 Meibo-
1976 1930 1979 1931 γ

338 1977 458 2024 mio
486 1991 585 2024 non
613 1977 1064 2042 obtemperauerim
1090 1980 1142 2027 in
1171 1980 1239 2027 eis
1267 1980 1600 2038 emendandiS,
1630 1995 1756 2044 quae
1776 1995 1949 2044 quam-

340 2074 483 2123 quam
505 2067 671 2124 aperte
693 2063 865 2111 uitiosa
888 2070 1015 2119 sunt,
1039 2064 1078 2112 si
1098 2077 1202 2111 rem
1226 2069 1433 2127 spectas
1457 2070 1622 2114 tamen
1644 2066 1807 2128 potius
1823 2065 1978 2131 ‘scri-J

339 2145 491 2206 ptoris
514 2146 714 2193 immani
736 2148 1016 2197 oscitantiae
1038 2154 1088 2196 et
1107 2147 1446 2211 neglegentiae
1467 2163 1612 2212 quam
1634 2148 1949 2199 librariorum

338 2310 511 2359 bendis
546 2314 610 2360 ita
651 2314 902 2364 codicibus
938 2332 1016 2366 me
1043 2317 1321 2380 mancipaui
1358 2323 1412 2364 ut
1438 2331 1583 2380 saepe
1619 2332 1742 2380 quae
1777 2321 1947 2382 aperte
1975 2350 1982 2389 1·

338 2394 455 2443 falsa
484 2402 595 2444 sunt
619 2399 932 2457 retinuerim,
975 2402 1168 2464 saepius
1197 2402 1518 2450 constantiam
1557 2407 1605 2451 et
1630 2399 1948 2465 aequabilita-
1970 2449 1982 2461 „

338 2484 435 2528 tem
463 2481 623 2528 sciens
650 2482 979 2545 neglegerem.
1967 2490 1970 2491 ⁷

479 2564 716 2627 Superest
741 2567 793 2613 ut
824 2567 1016 2617 codices
1045 2584 1329 2618 enumerem
1363 2584 1573 2632 quorum
1599 2570 1820 2618 notitiam
1844 2583 1944 2623 non

336 2647 528 2710 plenam
557 2654 604 2697 et
624 2649 892 2712 perfectam
919 2651 1003 2699 sed
1031 2667 1135 2700 eam
1157 2660 1321 2703 tamen
1349 2653 1507 2702 habeo
1534 2669 1592 2703 ex
1620 2668 1714 2718 qua
1741 2653 1977 2716 apparet-²

335 2731 624 2782 Martianum
655 2733 898 2797 Capellam
936 2750 961 2783 a
998 2736 1143 2784 medii
1181 2740 1290 2786 aeui
1326 2737 1604 2786 hominibus
1630 2737 1833 2801 dignum
1867 2737 1944 2786 iu·
1975 2759 1982 2766 ⁴·

338 2814 546 2863 dicatum
582 2818 731 2867 fuisse
759 2835 817 2867 ex
845 2834 940 2882 quo
977 2819 1312 2870 adulescentes
1338 2823 1387 2870 in
1416 2821 1595 2871 scholis
1628 2823 1945 2870 institueren-
1973 2831 1982 2842 “·

336 2904 432 2947 tur.
509 2903 644 2949 cuius
692 2904 764 2950 rei
801 2903 980 2952 diserta
1026 2904 1300 2954 testimonia
1349 2906 1443 2955 iam
1488 2907 1538 2956 C.
1579 2905 1806 2955 Barthius
1856 2903 1941 2969 (ad
