1982 3230
190 593 279 635 285

168 1211 283 1252 706

194 1486 282 1527 286

193 2045 281 2087 287

198 2465 286 2508 288

1658 0 1666 4 ,
1711 0 1851 26 ⁷³²*S‘P'n

307 84 379 138 74
787 83 1086 126 MARTIANI
1117 83 1437 127 GAPELLAE
1487 99 1498 103 -

308 223 423 277 sunt
471 232 521 275 ut
567 234 774 274 noctu.
859 239 985 289 quae
1036 224 1074 273 L
1123 226 1452 275 terminantur
1505 227 1690 291 corripi
1720 226 1920 278 xdebent
1959 230 1967 250 ³

309 304 364 346 ut
423 294 632 346 semel.
725 309 849 359 quae
910 295 958 343 M
1006 294 1050 344 N
1102 295 1142 344 R
1187 295 1426 345 finiuntur
1483 295 1820 347 breuiasunt
1864 305 1919 348 ut

310 366 547 416 cursim
587 366 804 414 forsan
843 365 1122 414 fortiter.
1200 380 1326 430 quae
1353 364 1422 432 s>
1448 367 1776 417 terminantur
1800 375 1918 418 tunc
1965 379 1968 382 ’

307 441 498 485 tantum
554 435 795 499 producta
848 442 963 484 sunt
1025 451 1136 484 cum
1199 442 1312 485 ante
1375 451 1482 485 eam
1536 439 1575 486 A
1632 437 1914 488 habuerint,

310 522 436 571 quae
475 506 510 556 C
547 506 787 555 finiuntur
822 505 1062 569 producta
1099 512 1212 554 sunt
1248 511 1302 554 ut
1338 505 1507 555 illuc.
1790 570 1793 571 ⁷
1888 535 1893 537 -
1952 518 1981 555 ὅ

453 576 683 626 Omnium
732 577 1102 640 participiorum
1153 577 1392 640 temporis
1449 577 1602 626 futuri
1659 578 1917 628 nominati·

312 662 404 696 uus
450 645 713 710 singularis
758 645 926 695 breuis
974 653 1048 695 est
1097 651 1151 694 ut
1202 645 1516 704 lecturus,
1574 648 1823 710 genitiuus
1871 654 1918 697 et

312 717 505 766 datiuus
561 715 824 779 singularis
881 716 1170 780 producitur
1238 722 1292 765 ut
1355 715 1594 767 lecturi
1663 716 1919 768 lecturo
1972 724 1977 725 ⁷

311 793 516 851 excepto
554 788 830 850 praesentis
881 787 1116 850 temporis
1162 786 1420 851 participio
1469 787 1600 851 quod
1648 787 1920 851 genitiuum

312 857 517 921 corripit
553 863 607 905 ut
644 857 926 905 amantis.
1017 857 1351 906 accusatiuum
1391 863 1439 906 et
1476 859 1757 907 uocatiuum
1803 857 1916 908 bre·
1940 860 1982 905 ιο

311 941 400 977 ues
457 941 564 975 esse
613 932 803 975 constat
857 933 911 975 ut
968 925 1285 975 lecturum
1341 926 1615 984 lecture,
1677 926 1920 978 ablatiuus

312 995 576 1059 singularis
646 1002 836 1045 tantum
905 997 1171 1060 corripitur
1230 1003 1283 1045 ut
1340 1003 1584 1047 amante
1651 996 1917 1061 legente.
1975 997 1979 1002 ’

312 1066 645 1115 nominatiuus
694 1073 741 1114 et
798 1067 1110 1115 accusatiuus
1164 1064 1379 1129 plurales
1427 1069 1478 1115 in
1525 1066 1785 1116 masculini
1839 1066 1921 1117 uel

312 1137 537 1186 feminini
584 1137 778 1200 generis
833 1136 1102 1200 participiis
1159 1136 1503 1200 producuntur
1569 1142 1623 1186 ut
1676 1135 1920 1187 lecturi

312 1206 525 1257 lectur
543 1221 630 1262 ο5,
670 1208 721 1255 in
761 1207 950 1255 neutris
989 1207 1325 1270 corripiuntur
1364 1214 1418 1255 ut
1453 1206 1720 1256 lectura.
1771 1216 1982 1271 gene-1⁶

311 1278 442 1326 tinus
496 1275 698 1340 pluralis
753 1275 920 1325 breuis
983 1282 1056 1324 est
1110 1283 1164 1325 ut
1214 1275 1534 1326 lectorum.
1630 1277 1824 1327 datiuus
1874 1283 1923 1326 et
1964 1300 1970 1305 ·>

312 1346 553 1397 ablatiuus
587 1345 802 1410 plurales
839 1358 892 1396 15
931 1347 1179 1395 terminati
1215 1346 1448 1410 producti
1484 1354 1612 1404 sunt,
1653 1359 1759 1398 Bvs
1797 1347 1921 1396 finiti

312 1417 617 1467 breuiantur.
1425 1442 1430 1446 -

455 1485 771 1552 Copulatiuae
811 1485 1202 1535 etdisiunctiuae
1229 1492 1278 1535 et
1305 1487 1579 1549 expletiuae
1617 1486 1920 1536 coniunctio·
1956 1513 1966 1529 ÷

312 1572 403 1606 nes
440 1556 622 1606 breues
667 1563 793 1612 sunt,
844 1557 937 1604 nisi
982 1557 1160 1618 positio
1207 1555 1383 1605 fecerit
1418 1556 1604 1620 longas.
1695 1557 1756 1606 de
1805 1563 1982 1616 cau-jae

313 1626 497 1676 salibus
544 1641 666 1675 uero
718 1632 764 1675 et
810 1625 1131 1675 rationalibus
1182 1641 1307 1690 quae
1352 1627 1389 1675 A
1447 1627 1777 1676 terminantur
1831 1642 1918 1677 ex-

315 1698 467 1761 ceptis
523 1698 608 1745 ita
673 1703 720 1746 et
776 1697 917 1759 quia
965 1696 1237 1760 productae
1285 1702 1400 1745 sunt
1460 1704 1511 1746 ut
1562 1703 1919 1761 propterea

314 1769 578 1817 interea.
656 1782 780 1830 quae
817 1766 837 1814 1
875 1767 1203 1815 terminantur
1252 1773 1455 1831 excepta
1491 1781 1588 1815 una
1632 1767 1756 1816 nisi
1801 1781 1919 1831 pro·
1967 1767 1970 1769 ’

315 1837 562 1886 ducuntur
608 1844 662 1885 ut
708 1838 773 1886 si,
859 1851 984 1900 quae
1039 1837 1091 1884 in
1139 1836 1181 1885 N
1230 1836 1460 1886 desinunt
1507 1837 1546 1885 si
1593 1845 1706 1886 ante
1755 1836 1921 1886 eaml

313 1906 578 1957 habuerint
614 1907 957 1970 producuntur
995 1912 1049 1954 ut
1087 1907 1198 1956 sin.
1248 1906 1366 1955 alias
1412 1906 1592 1956 breues
1641 1912 1767 1962 sunt.
1841 1917 1982 1959 ‹ze-26

311 1984 444 2026 teras
480 1992 603 2026 uero
645 1991 816 2025 omnes
854 1983 1109 2040 correptas
1147 1992 1255 2026 esse
1293 1982 1496 2025 constat.
1966 1986 1972 2005 2

454 2046 849 2110 Praepositiones
889 2061 1014 2110 quae
1050 2047 1101 2094 in
1138 2047 1177 2094 A
1216 2053 1396 2095 exeunt
1433 2045 1567 2096 solae
1593 2045 1919 2110 productione

311 2116 555 2165 laetantur
594 2122 646 2164 ut
683 2121 904 2164 contra
944 2121 990 2163 et
1029 2121 1206 2164 extra
1252 2123 1300 2165 et
1347 2132 1443 2165 una
1491 2115 1826 2181 monosyllaba
1874 2130 1916 2165 a.

313 2185 557 2235 ablatiuae
613 2186 1003 2249 praepositiones
1065 2200 1238 2234 omnes
1303 2187 1638 2248 corripiuntur
1701 2186 1919 2248 exceptis

313 2255 675 2320 1nonosyllabiS‚
715 2271 839 2319 quae
877 2253 958 2304 uel
996 2271 1055 2304 ex
1093 2254 1347 2304 uocalibus
1386 2261 1610 2304 constant
1645 2255 1726 2304 uel
1765 2271 1915 2305 uoca-
1938 2269 1982 2308 ἃς)

313 2325 442 2376 libus
489 2327 815 2375 terminantur
868 2332 922 2374 ut
961 2340 987 2373 e
1037 2331 1083 2374 et
1121 2326 1208 2374 de.
1294 2327 1550 2389 utriusque
1596 2340 1737 2375 casus
1774 2340 1917 2389 prae·

316 2397 585 2461 positiones
624 2403 878 2460 correptas
919 2411 1026 2445 esse
1065 2411 1165 2444 non
1214 2394 1417 2444 dubium
1466 2401 1553 2444 est.
1653 2408 1659 2410 *

457 2466 826 2515 Interiectiones
863 2464 1038 2530 longae
1088 2472 1202 2514 sunt
1247 2467 1287 2514 si
1326 2464 1691 2530 monosyllabae
1730 2465 1919 2515 fuerint
1954 2463 1964 2466 ’

428 2622 454 2660 6
486 2626 584 2660 ante
616 2622 815 2660 omnium
845 2620 945 2659 add.
978 2619 1032 2658 de
1064 2619 1312 2672 participio
1345 2620 1383 2659 R
1413 2620 1454 2658 K
1477 2619 1532 2659 de
1554 2619 1798 2671 participio
1820 2615 1901 2671 ΒΗ

318 2678 370 2717 13
414 2676 620 2728 plurales
650 2676 673 2716 b
723 2674 739 2721 ll
791 2677 843 2715 14
892 2674 1123 2726 genitiuus
1153 2675 1195 2714 B
1244 2672 1263 2728 Η
1314 2676 1365 2715 16
1396 2673 1588 2727 pluralis
1618 2675 1656 2715 R
1701 2671 1723 2728 [Ι
1772 2676 1824 2715 19
1861 2674 1920 2715 de

314 2732 720 2774 coniunctionibus
760 2738 857 2771 ante
900 2730 1195 2783 copulatiuae
1228 2733 1327 2771 add.
1351 2731 1433 2771 BR
1480 2727 1500 2784 [Ι
1547 2732 1600 2770 27
1638 2729 1693 2770 de
1725 2742 1918 2782 praepo-

312 2789 483 2828 sitione
514 2794 611 2828 ante
644 2788 1006 2840 praepositiones
1039 2788 1141 2826 add.
1165 2786 1246 2827 BR
1285 2784 1305 2840 [l
1351 2788 1404 2827 28
1437 2790 1482 2826 et
1513 2789 1643 2826 extra
1663 2786 1705 2825 B
1736 2786 1921 2827 extraR.
1959 2812 1973 2819 --

313 2845 370 2883 33
401 2844 455 2884 de
486 2844 812 2884 interiectione
845 2849 942 2884 ante
974 2843 1323 2884 interiectiones
1354 2843 1453 2883 add.
1475 2841 1559 2883 BR
1605 2839 1625 2895 ΙΙ
