1982 3230
546 147 630 189 DE
664 145 946 190 SECVNDO
978 146 1081 189 LIB
1088 145 1168 188 Ro
1406 145 1668 189 XXXXVII

39 271 184 343 squod
210 275 306 326 huc
332 274 503 331 facian
543 275 629 324 sed
653 275 704 323 in
730 279 866 324 tanto
903 273 1162 339 naufragio
1190 273 1280 323 has
1306 274 1451 324 etiam
1476 273 1667 324 tabulas

0 347 26 419 ‘tf
49 362 257 427 periisse
283 361 392 427 quis
418 359 654 409 miretur?

189 445 262 496 Ad
289 450 562 495 extremum
590 461 638 510 p.
664 440 749 502 26,
763 441 835 493 20
861 443 921 493 de
947 443 1231 493 hominihus
1258 445 1447 494 eximiis
1472 445 1522 493 in
1550 444 1667 494 deo-

46 544 160 580 rum
195 544 457 580 numerum
493 528 768 579 referendis
804 543 929 593 quae
955 528 1188 592 leguntur
1223 527 1350 578 bene
1385 530 1482 578 iam
1510 529 1666 593 Cupe-

3 651 8 666 .
46 629 136 666 rus
161 613 367 666 contulit
393 629 505 664 cum
527 614 763 665 Cicerone
791 613 850 663 de
877 618 975 662 nat.
1007 613 1083 663 de.
1113 613 1133 662 I
1164 611 1244 670 15,
1273 610 1358 663 38.
1398 614 1668 663 Martianus

47 706 212 751 autem
259 700 342 763 qui
380 699 588 750 eandem
623 715 729 749 rem
768 699 925 763 attigit
960 713 1007 762 p.
1048 695 1140 755 18,
1175 695 1267 756 28,
1321 697 1495 747 similia
1543 703 1664 763 puto

36 783 176 850 apud,
201 785 473 834 Varronem
503 783 713 848 legerat,
754 785 837 848 qui
864 798 1011 850 quam
1038 782 1170 833 nude
1208 789 1256 832 et
1291 782 1481 832 exiliter
1508 782 1666 832 homi-

32 864 134 925 nes
160 870 211 918 in
239 869 446 919 deorum
473 874 669 919 coetum
705 878 999 934 aggregatos
1036 868 1405 918 enumerauerit
1430 867 1664 917 discimus

11 950 25 1025 J
45 969 157 1005 cum
196 970 255 1004 ex
291 953 397 1003 aliis
433 953 493 1003 ab
520 954 794 1018 Augustino
832 955 1042 1003 seruatis
1080 953 1368 1016 fragmentis
1402 961 1508 1003 tum
1545 969 1603 1003 ex
1630 952 1662 1002 l.

43 1037 105 1090 de
132 1040 226 1091 ciu.
255 1038 300 1089 d.
329 1038 480 1088 XVIII
508 1035 574 1088 19
601 1045 649 1088 et
673 1036 758 1088 21.

185 1124 242 1175 In
292 1123 568 1174 secundo
618 1122 746 1172 libro
796 1138 841 1187 p.
879 1121 964 1182 28,
995 1119 1204 1173 12—32
1254 1137 1380 1188 quae
1430 1122 1663 1187 leguntur

42 1209 258 1273 ineptiae
280 1209 474 1258 cuinam
496 1208 765 1257 Martianus
790 1209 1027 1258 inuiderit
1051 1207 1181 1258 haud
1208 1208 1432 1271 profecto
1452 1206 1663 1258 multum

42 1293 251 1344 interest
283 1308 579 1358 quamquam
614 1307 676 1342 ne
713 1292 772 1342 ab
811 1293 888 1341 his
923 1292 1124 1357 quidem
1160 1294 1316 1341 Varro
1352 1292 1551 1342 uidetur
1587 1294 1662 1341 in-

41 1378 205 1429 munis
240 1377 391 1427 fuisse
427 1382 597 1441 utpote
625 1378 708 1443 qui
744 1381 1059 1428 nouenariae
1095 1379 1306 1439 requlae
1345 1376 1407 1441 (u.
1440 1376 1661 1442 Koppius

41 1462 103 1514 ad
127 1479 175 1529 p.
206 1459 322 1527 144)
352 1462 655 1512 mentionem
682 1463 868 1512 inicere
894 1477 995 1512 non
1024 1462 1316 1526 dedignatus
1343 1463 1418 1511 sit.
1447 1487 1519 1499 ·-
1548 1463 1661 1512 dein

41 1562 168 1615 quae
194 1562 243 1613 p.
262 1544 346 1605 29,
372 1543 544 1597 1—25
570 1547 856 1598 reconditae
882 1548 1148 1612 sapientiae
1176 1547 1471 1598 documenta
1497 1547 1662 1612 posuit

38 1631 393 1699 perpendenda
430 1638 575 1682 erunt
610 1631 696 1681 ubi
732 1633 793 1682 de
819 1632 1060 1682 similibus
1085 1633 1282 1697 septimi
1316 1631 1430 1682 libri
1466 1634 1661 1682 arcanis

42 1717 278 1768 dicemus.
357 1731 482 1780 quae
533 1723 770 1767 secuntur
819 1718 872 1766 ni
922 1717 1065 1768 fallor
1111 1718 1382 1767 Martianus
1418 1745 1489 1753 --
1526 1723 1660 1767 certe

41 1816 268 1867 magnam
293 1807 484 1866 partem
510 1829 580 1838 —
605 1804 711 1866 ipse
738 1803 1049 1866 excogitauit.
1096 1801 1321 1852 similiter
1348 1802 1659 1852 statuendum

42 1887 137 1938 erit
161 1886 222 1936 de
249 1887 540 1935 miserrimis
566 1885 663 1935 illis
690 1887 876 1936 facetiis
902 1902 947 1951 p.
977 1885 1062 1944 39,
1093 1885 1124 1936 8
1150 1916 1220 1922 —
1245 1884 1331 1942 40,
1362 1884 1442 1936 10.

183 1971 370 2021 Deinde
405 1986 451 2035 p.
481 1968 573 2027 40,
607 1968 833 2021 16—24
876 1971 1147 2035 Philologia
1184 1987 1333 2021 ouum
1373 1970 1660 2021 exsorbillat

38 2055 439 2106 inmortalitatem
486 2055 748 2120 adeptura,
788 2057 958 2120 quain
995 2072 1050 2106 re
1075 2057 1344 2106 Martianus
1379 2058 1561 2106 iterum
1597 2057 1658 2106 ad

42 2139 311 2206 Orphicum
347 2138 466 2189 illud
515 2155 664 2190 ouum
701 2142 971 2191 remotiore
1017 2141 1335 2191 similitudine
1379 2143 1658 2206 respexisse

39 2225 237 2276 uidetur
274 2239 570 2290 quamquam
597 2232 770 2275 notum
807 2232 879 2276 est
914 2227 1131 2277 initiatos
1158 2228 1266 2276 ouis
1301 2227 1437 2276 uesci
1462 2226 1542 2276 uel
1567 2242 1658 2276 no-

39 2308 189 2362 luisse
214 2309 296 2360 uel
321 2310 498 2360 uetitos
524 2310 689 2360 fuisse.

181 2395 251 2445 De
294 2395 444 2444 Vedio
490 2409 601 2445 cum
643 2411 800 2445 uxore
844 2412 871 2446 a
915 2394 1188 2460 Philologia
1232 2411 1331 2446 non
1379 2399 1656 2461 conspectis

40 2478 110 2546 (p.
138 2477 223 2536 41,
253 2477 306 2544 6)
343 2480 459 2530 satis
497 2486 623 2529 esset
657 2479 861 2530 laudare
895 2480 1188 2532 Muellerum
1230 2482 1351 2548 (Etr.
1388 2481 1431 2531 II
1458 2478 1583 2531 92⁴2
1610 2486 1657 2530 et

0 2606 3 2607 γ
37 2561 107 2616 59
132 2565 224 2631 sq.)
273 2570 320 2614 et
363 2564 676 2615 Gerhardum
726 2565 790 2630 (p.
818 2563 884 2616 27
900 2562 959 2628 4²)
1012 2573 1058 2616 et
1101 2565 1403 2616 Klausenum
1452 2566 1656 2631 (Aeneas

38 2665 87 2717 p.
120 2647 256 2701 1086
283 2648 372 2715 sq.)
411 2678 479 2686 —
527 2651 666 2700 cuius
703 2656 865 2700 tamen
900 2650 1161 2715 disputatio
1197 2650 1421 2700 Muelleri
1457 2656 1655 2700 senten-

39 2735 156 2800 tiam
190 2735 394 2785 minime
426 2735 630 2792 refutat,
670 2734 877 2785 Vedium
912 2735 1048 2785 illum
1083 2735 1277 2785 Etrusci
1313 2734 1391 2783 dei
1427 2734 1654 2784 Latinum

41 2833 222 2871 nomen
249 2835 356 2871 esse
380 2819 638 2870 iudicantis
663 2821 892 2886 quoniam
913 2821 1182 2870 Martianus
1208 2821 1302 2869 nisi
1328 2819 1457 2883 apud
1485 2826 1653 2870 aucto-

43 2917 149 2956 rem
175 2920 318 2957 suum
345 2906 552 2957 Vedium
580 2905 905 2957 Etruscorum
934 2906 1085 2956 fuisse
1111 2905 1407 2962 inuenisset,
1443 2920 1543 2955 non
1570 2905 1654 2955 ad-
