1982 3230
270 86 344 138 90
752 87 1051 129 MARTIANI
1080 87 1400 130 CAPELLAE
1891 0 1973 277 ,ἵ

271 234 494 291 tempore
540 228 805 291 praeterito
854 228 1017 291 specie
1066 227 1287 279 absoluta
1341 234 1389 279 et
1441 234 1609 278 exacta
1649 234 1880 294 quattuor

273 299 432 347 modis
470 297 804 361 proferuntur.
870 304 918 347 et
956 303 1028 347 est
1051 300 1257 362 primus,
1286 300 1371 365 qui
1407 299 1616 349 similem
1655 300 1878 364 regulam
1938 296 1965 376 ζ

273 369 348 417 his
375 366 538 424 habet,
572 383 696 432 quae
722 368 988 418 indicatiuo
1014 369 1163 418 modo
1187 376 1412 433 tempore
1437 370 1686 434 praesenti
1719 371 1878 435 prima
1943 377 1965 429 j

273 453 487 502 persona
546 438 867 502 penultimam
917 437 1139 488 uocalem
1188 439 1373 489 habent
1443 445 1499 488 ut
1559 454 1689 488 amo
1751 454 1879 489 ama
1944 437 1961 494 ῑῑ]

272 508 474 558 amaui
511 508 787 558 amabam
826 523 1172 559 amaueram
1202 508 1414 558 amabo
1441 525 1659 559 amare.
1701 524 1876 559 secun·
1918 503 1968 582 554

274 579 364 628 dus
403 584 478 627 est
515 580 598 643 qui
638 578 678 628 Ο
715 580 763 628 in
804 578 833 629 I
871 581 1116 629 conuertit
1155 587 1203 628 et
1238 579 1559 644 penultimam
1598 581 1646 629 in
1684 585 1878 644 praete·

272 647 404 715 rito>
443 651 688 713 perfecto,
739 650 929 699 tertiam
981 649 1040 698 ab
1078 649 1248 699 ultima
1294 652 1345 698 in
1393 649 1878 716 plusquamperfecto
1947 640 1971 716 ξ·

275 715 357 799 [V]
399 718 630 782 producit
668 719 977 769 utadiuuo
1014 720 1226 769 adiuui
1261 720 1640 769 adiuueram.
1704 721 1879 770 tertius
1939 725 1971 788 ξι

273 791 357 854 qui
394 788 603 838 similem
630 789 830 854 quidem
866 790 1088 852 regulam
1127 789 1277 839 habet
1312 791 1461 855 primi
1498 790 1633 840 modi
1670 790 1756 840 sed
1792 789 1876 839 de·
1946 773 1965 850 ζ’

271 863 426 908 tracta
461 859 500 907 A
536 859 698 909 littera
738 860 995 923 disiungit:
1047 876 1190 909 seco
1239 863 1413 910 secui
1461 859 1747 910 secabam
1784 874 1877 910 se·
1900 864 1966 908 10³²v

126 937 242 978 866
274 928 425 978 cabo
478 943 715 979 secare.
790 929 905 978 facit
949 931 1080 979 enim
1119 931 1285 995 specie
1338 929 1560 980 absoluta
1611 931 1782 980 secui
1829 935 1879 980 et

154 1358 239 1399 315

273 1004 444 1055 exacta
480 1014 819 1049 secueram.
897 1005 1069 1063 quarta
1107 1007 1182 1049 est
1208 1015 1332 1065 quae
1370 1016 1460 1065 per
1496 1001 1877 1063 geminationem
1952 995 1975 1058 ζ’,

270 1068 483 1134 syllabae
522 1069 772 1141 profertur
810 1075 863 1118 ut
901 1075 996 1118 sto
1034 1075 1128 1119 sta
1168 1072 1321 1119 steti
1358 1075 1660 1119 steteram
1698 1069 1877 1120 stabo
1952 1070 1968 1149 ³3

272 1145 456 1189 stare.
532 1136 650 1189 hui6
687 1139 844 1189 simile
892 1141 964 1189 do
1017 1139 1086 1189 da
1135 1140 1277 1190 dedi
1326 1140 1539 1189 dabam
1588 1139 1876 1190 dederam
1938 1149 1972 1203 g

273 1209 384 1259 dab
400 1225 428 1258 o
468 1210 612 1259 dare
665 1217 893 1275 correpta
944 1209 1107 1260 littera
1146 1211 1183 1259 Α
1223 1215 1395 1260 contra
1445 1209 1667 1273 regulam
1717 1211 1768 1259 in
1818 1225 1876 1260 eo
1899 1208 1973 1322 a}

273 1280 403 1344 quod
442 1286 516 1329 est
554 1279 769 1329 dabam
810 1279 964 1329 dabo
1005 1280 1150 1329 dare
1187 1281 1452 1345 profertur.

413 1350 667 1400 Secundae
694 1351 1048 1414 coniugationis
1075 1350 1230 1399 uerba
1265 1351 1526 1399 indicatiuo
1565 1349 1713 1400 modo
1752 1355 1875 1399 tem·
1959 1395 1969 1417 1),

270 1435 395 1486 pore
430 1422 680 1486 praesenti
716 1435 927 1484 persona
966 1422 1125 1484 prima
1163 1431 1238 1469 ΕΟ
1266 1420 1442 1470 litteris
1469 1421 1797 1469 terminantur
1822 1426 1877 1469 ut
1948 1461 1965 1478 1

274 1491 456 1540 uideo
493 1490 691 1551 uideS‚
733 1506 950 1540 moneo
989 1505 1213 1540 mones,
1289 1490 1535 1540 secundae
1572 1491 1873 1553 coniugatio·
1946 1488 1975 1503 Ψ

269 1562 345 1610 nis
370 1559 526 1610 uerba
551 1562 845 1625 imperatiuo
883 1561 1030 1609 modo
1066 1566 1291 1624 tempore
1327 1561 1575 1624 praesenti
1612 1560 1673 1609 ad
1699 1574 1875 1609 secun·
1898 1559 1982 1610 2οι

269 1630 381 1680 dam
407 1645 671 1695 personam
711 1632 750 1680 E
787 1630 949 1680 littera
975 1631 1212 1695 producta
1240 1631 1570 1680 terminantur
1606 1635 1660 1679 ut
1695 1629 1876 1683 uideo

270 1701 438 1758 uide,
478 1715 693 1750 moneo
731 1716 922 1750 mone.
971 1701 1216 1750 secundae
1243 1701 1597 1763 coniugationis
1622 1699 1814 1749 uerba·
1800 1714 1876 1749 ln-

268 1771 456 1820 finitiuo
483 1771 630 1820 modo
658 1771 845 1820 adiecta
874 1771 935 1820 ad
972 1772 1322 1834 imperatiuum
1360 1770 1561 1819 modum
1586 1782 1661 1819 RE
1691 1768 1874 1835 syllaba

268 1846 499 1891 manente
559 1841 884 1906 productione
934 1842 1265 1890 terminantur
1319 1847 1374 1890 ut
1433 1840 1574 1890 uide
1634 1839 1873 1896 uidere,

269 1926 446 1963 mone
471 1925 739 1972 monere.
780 1911 1024 1960 secundae
1052 1912 1407 1975 coniugationis
1432 1909 1584 1960 uerba
1610 1909 1874 1959 indicatiuo
1894 1921 1967 1956 25·

269 1981 415 2029 modo
455 1986 679 2045 tempore
717 1983 988 2045 praeterito
1027 1983 1192 2046 specie
1240 1981 1461 2030 absoluta
1501 1986 1549 2029 et
1587 1985 1755 2030 exacta
1798 1994 1872 2029 se·

269 2058 404 2115 ptem
430 2050 591 2099 modis
618 2050 941 2102 declinantur.
998 2057 1043 2099 et
1072 2058 1145 2100 est
1168 2052 1358 2116 primus
1385 2051 1467 2115 qui
1493 2051 1702 2099 formam
1727 2063 1873 2113 regu-

268 2120 344 2169 lae
373 2119 600 2169 custodit.
677 2135 789 2169 nam
828 2121 985 2169 forma
1012 2121 1135 2169 haec
1174 2126 1247 2170 est
1284 2135 1395 2169 cum
1434 2120 1679 2169 secundae
1705 2121 1873 2169 coniu-

269 2190 477 2254 gationis
504 2189 711 2239 uerbum
739 2190 1007 2239 indicatiuo
1035 2190 1182 2239 modo
1208 2196 1434 2254 tempore
1459 2191 1727 2254 praeterito
1766 2189 1870 2253 qui-

1961 1877 1967 1891 -
1950 1671 1974 1842 &aL-siff!
1943 1607 1973 1651 :23¹2

269 2336 499 2379 manente
553 2330 878 2395 productione
931 2331 1224 2379 terminatur
1278 2336 1334 2379 ut
1394 2322 1575 2378 deleo
1639 2328 1871 2392 deleui,
1956 2352 1975 2387 ‚³—

267 2400 754 2466 plusquampersecto
787 2407 949 2450 autem
986 2400 1189 2450 adiectis
1215 2400 1276 2449 ad
1303 2400 1646 2464 imperatiuum
1671 2398 1872 2448 modum
1952 2423 1973 2457 ,τι

1948 1948 1977 2006 ‘3

1951 2053 1974 2140 Ξ

192 2260 195 2263 ’
269 2260 382 2310 dem
419 2260 639 2325 perfecto
667 2260 855 2310 adiecta
882 2260 939 2309 ad
967 2261 1316 2324 imperatiuum
1354 2259 1554 2308 modum
1593 2271 1654 2308 VI
1691 2257 1872 2323 syllaba
1895 2225 1974 2346 30}

1954 2391 1969 2414 ι

1954 2455 1974 2478 t

1949 2549 1978 2614 ἰῖ

267 2481 472 2520 VERAM
508 2470 705 2535 syllabis
731 2472 1059 2521 terminantur
1083 2477 1139 2519 ut
1176 2469 1318 2520 dele
1357 2469 1731 2518 deleueram.
1794 2483 1871 2518 se-

271 2540 458 2590 cundus
485 2548 558 2590 est
595 2556 705 2589 cum
744 2541 990 2590 indicatiui
1027 2541 1159 2589 modi
1195 2541 1385 2605 primae
1410 2554 1652 2604 personae
1690 2538 1730 2587 E
1756 2545 1804 2587 et
1831 2537 1871 2586 Ο

268 2610 462 2660 litterae
498 2616 754 2660 transeunt
787 2610 885 2660 inI
919 2616 973 2659 ut
1007 2611 1192 2659 sedeo
1229 2610 1366 2659 sedi
1403 2616 1452 2658 et
1484 2611 1535 2658 in
1571 2613 1739 2658 exacta
1777 2623 1871 2657 se·
1893 2620 1977 2678 35Ἰ

382 2739 410 2776 4
439 2722 581 2776 habet
603 2738 640 2776 D
679 2734 699 2791 [Ι
748 2737 773 2776 8
805 2750 835 2776 u
855 2737 898 2776 B
932 2749 955 2776 e
976 2736 1016 2776 R
1036 2738 1150 2789 quod
1169 2738 1307 2776 deleuz'
1343 2733 1362 2789 Π
1403 2737 1454 2775 19
1487 2735 1777 2775 secundae—
1726 2736 1871 2775 —im-

270 2793 482 2842 peratiuo
513 2792 643 2832 modo
674 2807 751 2833 om.
774 2794 812 2833 R
861 2789 879 2846 Η
928 2794 1003 2834 30
1014 2792 1195 2833 adiecto
1218 2793 1256 2832 R
1302 2788 1322 2843 Η
1373 2794 1426 2832 33
1458 2790 1560 2830 dele
1593 2804 1670 2832 om.
1693 2790 1794 2831 B¹R
1829 2787 1850 2844 Η

266 2848 322 2886 35
354 2847 522 2887 litteris
542 2847 643 2888 B¹R
690 2846 711 2902 [Ι
