1982 3230
791 55 978 98 LIBER
1006 55 1070 96 vl
1625 52 1731 106 213

117 201 215 253 bus
241 200 559 257 admonetur,
587 214 614 249 a
640 198 781 248 cuius
807 196 1058 248 radicibus
1084 195 1317 262 quicquid
1352 196 1611 246 interiacet
1647 211 1730 246 us-

122 287 218 337 que
243 270 470 322 Rhenum
507 271 696 319 etitem
732 269 864 318 inter
893 267 1145 318 Oceanum
1183 273 1233 318 et
1267 266 1496 333 montes>
1535 265 1729 318 Geben-

121 357 235 392 nam
262 346 310 392 et
333 341 513 398 Iuram,
542 338 740 389 Gallicis
764 337 1054 403 regionibus
1079 338 1388 388 attributum.
1437 336 1727 388 Narbonen-

121 414 188 462 sis
213 417 376 463 autem
411 411 669 475 prouincia
706 409 1008 475 appellatur,
1047 424 1174 473 quae
1211 410 1409 458 interno
1436 408 1563 458 mari
1589 406 1728 458 allui-

76 495 96 528 5
118 489 228 541 tur;
271 481 395 532 haec
420 481 627 530 Bracata
666 487 810 530 antea
845 479 1125 535 dicebatur,
1166 494 1291 544 quae
1326 478 1388 528 ab
1424 478 1562 528 Italia
1601 478 1729 541 iugis

116 552 308 617 Alpium
351 556 499 615 atque
543 566 688 600 amne
724 550 852 600 Varo
899 550 1220 606 discernitur,
1266 550 1406 598 cuius
1450 548 1725 613 longitudo,

116 624 188 673 sic
209 627 264 672 ut
288 622 503 686 Agrippa
531 620 807 677 dimensus,
837 626 1056 670 trecenta
1095 620 1404 684 septuaginta
1442 618 1575 668 milia
1611 635 1724 684 pas·
1749 665 1774 702 2
1778 664 1804 702 θ
1808 663 1835 703 4
1845 662 1890 704 G,

114 707 286 748 suum,
327 691 533 741 latitudo
560 698 722 741 autem
751 691 960 740 ducenta
999 690 1322 755 quadraginta
1350 696 1478 739 octo,
1555 690 1607 738 in
1633 689 1727 739 hac
1758 719 1843 761 635

113 763 374 826 prouincia
407 761 679 812 Rhodanus
713 761 893 811 fluuius
931 777 988 811 ex
1023 760 1230 826 Alpibus
1265 761 1473 811 ueniens
1511 775 1601 824 per
1635 760 1724 810 Le·

9 891 18 902 „
50 853 93 884 ιο
116 847 350 882 mannum
376 832 538 882 lacum
564 837 711 888 meat,
741 837 787 881 et
813 847 984 882 causas
1010 831 1275 882 fertilitatis
1301 833 1538 894 importat
1563 837 1726 881 terrae

114 902 423 966 germinibus
449 918 506 952 ac
533 903 781 959 fecundis,
811 904 952 952 cuius
979 918 1065 951 ora
1094 902 1304 951 diuersis
1332 901 1613 951 nominibus
1640 917 1724 967 ap-

113 972 308 1038 pellata.
358 988 472 1022 nam
498 972 823 1038 Hispaniense
849 988 1017 1029 unum,
1047 972 1257 1022 alterum
1284 973 1598 1036 Metapinum,
1626 978 1726 1022 ter-

113 1044 250 1101 tium,
288 1059 385 1108 quo
411 1043 604 1108 plenior
631 1048 776 1100 meat,
804 1042 1171 1093 Massilioticum
1200 1049 1531 1107 nuncupatur.
1607 1058 1722 1106 pro·

108 1112 275 1163 'uincia
311 1114 431 1163 uiris
469 1114 661 1178 oppidis
697 1114 923 1178 frugibus
966 1114 1287 1163 memoranda
1323 1128 1523 1178 unoque
1563 1119 1724 1162 trans-

48 1202 89 1235 15
113 1184 357 1234 currenda
394 1184 604 1248 piaculo,
634 1185 765 1249 quod
791 1183 887 1233 illic
914 1185 986 1234 fas
1014 1185 1173 1234 suerat
1198 1185 1385 1234 hostias
1411 1184 1614 1233 humani
1641 1199 1724 1249 ge-

77 1288 79 1290 -
111 1255 244 1303 neris
268 1253 540 1304 immolare.

254 1324 350 1374 Sed
394 1330 506 1389 post
551 1324 748 1389 Alpium
792 1330 1011 1382 monteS,
1053 1341 1149 1390 qua
1194 1325 1344 1374 facies
1388 1325 1719 1388 prominentis
1750 1335 1833 1376 636

109 1399 315 1444 naturae
352 1396 497 1444 ortiui
524 1394 641 1444 solis
666 1394 1041 1446 inluminatione
1067 1395 1409 1460 perfunditur,
1438 1395 1637 1445 inchoat
1664 1411 1720 1445 ac

109 1464 362 1515 descendit
386 1465 520 1515 ltalia
547 1465 694 1530 longe
732 1472 845 1516 ante
882 1466 998 1515 alias
1025 1482 1198 1516 omnes
1231 1466 1461 1516 laudibus
1495 1472 1721 1516 ueterum

43 1555 86 1587 20
109 1535 159 1584 in
205 1535 343 1585 urbis
385 1536 571 1586 Romae
616 1538 771 1600 gratia
814 1537 1158 1602 praedicanda.
1237 1539 1375 1587 cuius
1418 1539 1721 1602 principium
1754 1546 1836 1587 637

107 1605 314 1670 Ligures
338 1612 522 1665 tenent,
551 1607 730 1657 dehinc
756 1623 882 1673 quae
918 1607 1145 1658 ubertate
1171 1607 1263 1656 soli
1289 1615 1480 1658 sacrata
1509 1623 1721 1674 occupa-

106 1677 179 1724 uit
203 1676 400 1727 Etruria
427 1678 591 1740 regiO,
619 1684 717 1727 tam
745 1679 974 1742 indigetis
1000 1681 1194 1728 Aeneae
1231 1678 1431 1728 foedere
1459 1694 1606 1742 quam
1640 1694 1720 1728 re-

105 1746 385 1797 mediorum
421 1750 613 1812 origine
660 1754 805 1812 atque
841 1750 992 1814 ipsius
1028 1750 1224 1812 Tagetis
1272 1750 1554 1798 exaratione
1591 1748 1720 1799 cele-

106 1814 264 1866 brata,
339 1816 511 1866 Vmbri
546 1834 661 1867 mox
695 1818 985 1884 Latiumque
1023 1826 1170 1883 atque
1208 1820 1328 1869 ostia
1365 1819 1598 1869 Tiberina
1633 1820 1716 1869 de-

44 1903 84 1936 25
107 1885 320 1952 hincque
353 1887 459 1951 ipsa
495 1895 641 1953 caput
673 1891 889 1953 gentium
917 1890 1073 1940 Roma
1111 1891 1260 1941 armis
1296 1891 1419 1940 uiris
1447 1891 1717 1956 sacrisque,

107 1972 254 2021 quam
292 1957 375 2007 diu
409 1959 578 2023 uiguit,
619 1959 860 2009 caeliferis
885 1959 1114 2010 laudibus
1141 1961 1456 2010 conferenda.
1533 1961 1656 2010 haec
1693 1976 1720 2010 a

106 2028 233 2077 mari
266 2027 483 2078 sedecim
520 2044 754 2093 passuum
790 2030 990 2080 milibus
1017 2031 1312 2097 disparatur.
1389 2031 1570 2081 dehinc
1605 2031 1720 2081 litus
1752 2041 1834 2082 638

105 2099 156 2146 in
176 2097 466 2149 Vulscorum
495 2114 674 2150 nomen
704 2107 987 2167 sortemque
1016 2098 1274 2152 concessit.
1314 2117 1428 2152 mox
1451 2102 1719 2167 Campania

218 2296 242 2346 ἓ
273 2298 356 2338 634
387 2310 443 2338 ex
473 2298 624 2339 Plinio
655 2299 750 2340 1111
782 2301 877 2351 105,
909 2300 1054 2342 11131
1079 2303 1125 2341 et
1147 2302 1200 2341 37
1248 2297 1271 2355 [l
1318 2301 1342 2350 ὅ
1374 2302 1457 2342 635
1489 2314 1545 2341 ex
1565 2300 1719 2342 Plinio

103 2350 176 2392 ΙΙΙ
197 2354 250 2393 33
282 2356 329 2393 et
350 2353 503 2395 Solino
535 2369 576 2408 p.
601 2357 697 2405 111,
724 2358 775 2396 12
815 2353 834 2411 Η
874 2358 898 2407 ξ
930 2358 1155 2398 636-638
1188 2356 1331 2398 Plinii
1360 2358 1431 2398 ΙΙΙ
1452 2359 1506 2397 38
1538 2357 1718 2398 ratione

103 2406 267 2448 habita
298 2409 380 2449 sed
410 2410 566 2451 multis
598 2410 653 2452 de
687 2425 768 2453 suo
801 2413 1018 2454 admixtis
1050 2414 1326 2466 conscripsit

219 2578 241 2617 1
275 2583 558 2620 ammonetur
580 2580 621 2620 B
688 2579 695 2635 Ι
743 2584 768 2622 2
799 2594 958 2623 renum
988 2584 1030 2623 D
1079 2581 1098 2637 Η
1147 2582 1438 2636 gaebennam
1470 2583 1509 2623 R
1546 2583 1717 2634 geben-

104 2645 214 2681 nam
240 2633 283 2673 B
321 2635 582 2688 gehennam
612 2637 635 2677 b
663 2634 671 2691 Ι
712 2641 738 2679 3
771 2644 817 2679 et
846 2639 999 2679 Iuram
1026 2653 1057 2691 p
1099 2642 1146 2679 et
1177 2639 1302 2679 duris
1333 2639 1416 2680 BR
1456 2638 1608 2680 eduris
1639 2639 1664 2680 b
1703 2637 1717 2691 ΙΙ

106 2689 131 2730 7
164 2701 372 2743 agryppa
394 2691 477 2733 BR
515 2690 522 2747 Ι
585 2695 636 2733 12
668 2696 916 2748 spaniense
938 2694 980 2733 B
1011 2696 1278 2748 ispaniense
1307 2695 1332 2735 b
1364 2696 1659 2747 spaniensem
1679 2696 1719 2736 R

105 2743 416 2797 ispaniensem
446 2762 472 2788 r
517 2746 548 2801 ,ί
604 2750 891 2803 Metapinum
920 2764 951 2802 p
994 2752 1230 2804 etapinum
1261 2751 1343 2792 BR
1375 2752 1583 2805 alpinum
1614 2752 1666 2793 br
1702 2748 1720 2803 ll

107 2800 160 2839 22
189 2801 398 2855 indigitis
419 2803 478 2843 B¹
519 2802 539 2859 ss
579 2807 633 2846 24
663 2806 815 2847 hostia
845 2806 923 2847 RR
961 2804 981 2861 Η
