1982 3230
731 30 920 127 me
947 82 1046 126 1111
1575 77 1675 132 127

31 229 43 243 ”
70 224 171 277 lum
198 225 442 292 reliquum
487 224 895 290 particularis
938 224 1325 280 abdicatiua,
1367 223 1546 274 deinde
1585 222 1674 273 du-

71 304 244 348 cantur
269 294 528 360 angulares
552 294 710 346 lineae
738 296 798 346 ab
826 295 1096 347 uniuersali
1131 296 1402 346 dedicatiua
1428 295 1488 344 ad
1524 295 1673 360 parti-

70 366 286 418 cularem
321 366 645 416 abdicatiuam
676 373 724 417 et
759 367 819 417 ab
859 366 1129 417 uniuersali
1165 366 1437 416 abdicatiua
1473 366 1533 415 ad
1560 380 1672 429 par-

68 438 326 488 ticularem
353 436 693 487 dedicatiuam.
746 438 872 488 duae
896 438 1044 501 igitur
1070 440 1353 501 superiores
1380 436 1527 487 simul
1555 451 1670 486 con-

24 522 46 554 5
67 509 252 559 firmari
278 522 376 557 non
401 515 624 571 possunt,
653 508 798 558 simul
823 508 994 572 negari
1018 515 1241 573 possunt.
1317 522 1431 556 nam
1459 523 1559 556 non
1585 522 1671 571 po—

67 586 162 629 test
203 578 347 629 simul
388 594 562 628 uerum
608 594 715 629 esse
762 580 953 628 ‘omnis
989 577 1216 643 uoluptas
1255 577 1442 627 bonum
1479 579 1579 627 est'
1626 584 1674 627 et
1701 590 1785 632 402

66 650 254 700 ‘omnis
282 647 510 713 uoluptas
546 664 646 699 non
675 657 748 699 est
774 650 1005 699 bonum'.
1080 654 1290 714 possunt
1324 655 1487 698 autem
1527 647 1672 698 simul
1697 659 1831 703 1256

66 734 172 770 esse
215 719 342 768 ‘non
370 722 528 769 omnis
554 718 782 784 uoluptas
807 720 991 769 bonum
1032 723 1135 769 est'
1175 723 1191 748 θ
1208 734 1306 768 non
1345 720 1503 768 omnis
1530 717 1669 768 uolu-

23 799 46 829 Ἰ
61 796 169 856 ptas
195 805 292 840 non
322 798 394 840 est
420 790 650 839 bonum'.
697 792 822 840 duae
851 807 970 840 uero
996 791 1259 841 inferiores
1285 791 1500 840 uicissim
1527 789 1672 839 simul

0 874 41 909 ιο
62 862 233 925 negari
259 876 358 910 nou
394 870 627 926 possunt,
657 862 801 911 simul
829 862 1112 911 confirmari
1138 868 1359 926 possunt.
1435 877 1549 910 nam
1576 861 1667 910 uti-

62 947 156 997 que
179 947 277 982 non
306 939 467 997 potest
494 933 637 982 simul
667 935 834 996 negari
857 933 1119 998 ‘quaedam
1148 932 1374 997 uoluptas
1397 932 1603 981 bonum'
1625 938 1671 981 et

62 1006 180 1052 ‘non
209 1003 447 1067 quaedam
475 1003 704 1066 uoluptas
732 1019 830 1052 non
857 1004 1064 1053 bonum'
1103 1019 1224 1054 esse.
1279 1010 1327 1052 at
1362 1018 1484 1053 uero
1510 1008 1671 1066 potest

63 1082 112 1125 et
136 1074 395 1138 equaedam
424 1074 652 1138 uoluptas
690 1074 895 1124 bonum'
935 1090 1043 1124 esse
1082 1082 1130 1124 et
1157 1074 1414 1139 ‘quaedem
1441 1073 1670 1137 uoluptas

61 1143 245 1194 honum
272 1148 390 1193 non'
418 1160 541 1194 esse.
579 1144 843 1207 angulares
869 1151 1032 1194 autem
1060 1160 1223 1209 neque
1250 1143 1394 1194 simul
1420 1145 1669 1194 adfirmari

0 1228 39 1261 ιδ
61 1229 219 1280 neque
255 1215 399 1264 simul
436 1217 603 1279 negari
642 1223 863 1279 possunt.
942 1231 1055 1264 nam
1092 1217 1132 1265 si
1170 1231 1344 1265 uerum
1374 1221 1446 1264 est
1480 1215 1669 1264 ‘omnis

62 1285 288 1351 uoluptas
346 1285 531 1335 bonum
582 1288 684 1335 est'
751 1287 929 1336 salsum
984 1293 1059 1335 est
1113 1286 1386 1351 ‘quaedam
1440 1285 1668 1350 uoluptas

58 1370 158 1405 non
195 1363 268 1405 est
300 1355 534 1406 bonum'.
614 1358 727 1406 item
778 1359 819 1406 si
863 1357 1038 1405 falsum
1076 1365 1148 1407 est
1200 1358 1390 1406 ‘omnis
1436 1355 1666 1421 uoluptas

57 1441 157 1476 non
185 1433 257 1476 est
281 1426 486 1476 bonum'
515 1443 688 1476 uerum
711 1434 783 1476 est
807 1427 1066 1492 ‘quaedam
1096 1427 1323 1492 uoluptas
1350 1434 1422 1476 est
1441 1427 1665 1476 bonum'.

58 1496 151 1546 hoe
168 1497 283 1546 item
306 1499 558 1562 contingit,
586 1500 627 1546 si
647 1499 783 1563 prius
802 1498 1150 1564 particularem
1179 1500 1396 1548 uicissim
1422 1500 1662 1553 nomines,

0 1582 36 1617 io
59 1583 168 1616 nam
206 1570 246 1617 si
283 1584 456 1618 uerum
498 1577 570 1618 est
615 1570 886 1633 <quaedam
927 1569 1154 1634 uoluptas
1199 1586 1298 1618 non
1335 1576 1409 1619 est
1445 1569 1662 1618 bonum'

58 1637 233 1688 falsum
271 1645 345 1687 est
378 1640 568 1688 eomnis
596 1639 824 1704 uoluptas
860 1640 1045 1689 bonum
1084 1642 1202 1690 est'.
1277 1642 1393 1689 item
1420 1642 1462 1689 si
1487 1655 1662 1689 uerum

58 1715 130 1758 est
157 1710 422 1773 ‘quaedam
451 1709 679 1773 uoluptas
704 1710 889 1760 bonum
918 1714 1017 1760 est'
1046 1710 1223 1761 falsum
1252 1717 1325 1760 est
1361 1712 1551 1760 ‘omnis
1578 1726 1661 1759 uo-

53 1779 216 1843 luptas
242 1795 341 1831 non
373 1787 446 1829 est
473 1780 694 1830 bonum'.
770 1782 887 1831 item
917 1782 1210 1831 uniuersalis
1238 1781 1515 1831 dedicatiua
1544 1796 1659 1830 con·
1691 1785 1774 1826 403

29 1847 246 1900 'firmata
290 1850 634 1914 particularem
663 1867 801 1901 suam
845 1853 1126 1902 necessario
1155 1853 1440 1908 confirmat,
1487 1857 1662 1916 negata

3 1936 34 1969 25
56 1934 155 1969 non
183 1923 460 1970 necessario
487 1937 592 1971 eam
622 1929 781 1985 negat.
854 1938 967 1972 nam
993 1924 1035 1971 si
1059 1938 1233 1972 uerum
1262 1929 1335 1972 est
1360 1924 1547 1971 ‘omnis
1572 1939 1660 1972 uo-

35 1990 215 2055 luptas
242 1990 425 2040 bonum
454 1995 552 2041 est'
590 1994 870 2042 necessario
900 2009 1072 2043 uerum
1102 2001 1174 2043 est
1213 1993 1482 2059 ‘quaedam
1520 1992 1660 2043 uolu-

9 2174 35 2215 ’Ψ
163 2189 192 2228 4
221 2188 418 2242 Koppz‘us
434 2190 656 2241 formulam
679 2204 737 2231 εει·
757 2205 785 2244 p
807 2193 1004 2244 repetiit:
1027 2193 1131 2232 nihil
1151 2194 1234 2232 tale
1256 2193 1299 2232 in
1319 2191 1402 2233 BR
1423 2193 1636 2232 inuenitur
1649 2205 1663 2232 :

39 2245 96 2285 .ιή
115 2245 156 2285 D
181 2245 366 2297 formula
394 2253 458 2286 est
485 2247 565 2286 sed
594 2249 827 2299 simplicior
849 2262 969 2301 quam
990 2249 1156 2302 Koppii
1192 2245 1212 2302 ss
1251 2250 1277 2289 6
1306 2253 1353 2289 et
1382 2262 1457 2290 om.
1484 2247 1580 2289 BR¹
1621 2245 1640 2302 Η

53 2302 108 2344 10
144 2307 241 2342 ante
268 2303 426 2355 utique
454 2316 683 2355 perperam
714 2317 804 2345 non
833 2307 1036 2345 tolerauit
1057 2306 1269 2358 Koppius.
1293 2308 1407 2359 quod
1432 2307 1555 2348 codd.
1575 2318 1659 2346 non

52 2364 282 2411 aquoscunt
321 2356 339 2412 ΙΙ
382 2361 431 2398 11
464 2365 563 2399 ante
595 2361 821 2412 quaedam
843 2363 943 2402 add.
967 2362 1099 2402 simul
1119 2375 1210 2407 non
1230 2361 1312 2402 BR
1340 2362 1474 2402 simul
1495 2362 1659 2413 negari

51 2426 142 2455 non
162 2414 186 2454 b
216 2414 395 2468 (negari
424 2417 548 2456 etiam
569 2418 669 2459 add.
695 2417 794 2470 Bm)
835 2414 855 2471 Η
899 2424 1000 2470 post
1025 2419 1192 2459 bonum
1216 2420 1317 2459 add.
1338 2423 1407 2459 est
1428 2418 1452 2458 b
1489 2415 1507 2471 ΙΙ
1554 2423 1657 2470 post

53 2473 99 2511 et
127 2483 203 2511 om.
227 2483 316 2511 non
345 2469 446 2511 B'R
469 2521 472 2524 Δ
498 2468 516 2525 Η
574 2474 622 2514 12
661 2480 761 2525 post
789 2474 1003 2527 uoluptas
1026 2488 1103 2516 om.
1126 2487 1218 2515 non
1238 2474 1357 2515 B¹R¹
1391 2472 1412 2529 {l
1452 2487 1553 2514 esse
1574 2473 1657 2514 BR

53 2530 123 2567 est
143 2527 193 2567 br
231 2523 250 2581 [1
320 2533 385 2569 ost
415 2531 568 2580 potest
589 2530 690 2570 add.
716 2529 847 2570 simul
878 2529 1102 2572 affirmari
1122 2531 1218 2572 me
1270 2528 1290 2584 ΙΙ
1340 2533 1392 2573 17
1423 2530 1591 2572 falsum
1613 2529 1656 2570 B

50 2593 206 2624 uerum
231 2583 255 2624 b
306 2580 314 2639 Ι
355 2586 406 2626 18
435 2597 593 2625 uerum
614 2585 655 2624 B
686 2585 856 2626 falsum
886 2587 910 2627 b
950 2585 969 2641 ΙΙ
1008 2587 1174 2628 bonum
1197 2591 1269 2628 est
1298 2587 1322 2627 b
1352 2601 1443 2628 non
1476 2591 1547 2627 est
1575 2587 1654 2627 bo—

51 2649 157 2680 num
178 2639 220 2680 B
258 2636 278 2695 {l
317 2642 370 2682 20
400 2654 505 2682 nam
528 2642 551 2682 b
584 2642 693 2682 item
716 2641 799 2683 BR
826 2641 844 2696 ΙΙ
872 2645 1040 2685 20—23
1070 2645 1217 2684 omnis
1233 2643 1450 2697 uoluptas
1472 2656 1563 2684 non
1585 2646 1656 2683 est

51 2694 232 2747 bonum,
264 2710 422 2738 uerum
454 2702 535 2745 est,
568 2698 736 2738 falsum
768 2705 838 2740 est
868 2700 1095 2751 quaedam
1124 2699 1338 2752 uoluptas
1369 2701 1539 2742 bonum
1569 2703 1654 2740 est.

54 2754 100 2791 et
128 2752 169 2793 ni
197 2752 364 2794 falsum
395 2757 466 2795 est
494 2755 638 2795 omnis
678 2754 894 2808 uoluptas
933 2768 1025 2796 non
1060 2760 1131 2796 est
1167 2756 1355 2807 bonum,
1395 2769 1552 2798 uerum
1585 2760 1655 2798 est

52 2807 520 2921 (bluatetgaomnuoluptas
549 2812 717 2852 bonum
752 2815 822 2852 est
852 2811 945 2860 RB,
970 2813 1084 2866 quod
1112 2815 1154 2853 in
1183 2818 1304 2853 textu
1325 2813 1501 2854 exhibui
1523 2826 1653 2866 prae-

78 2875 129 2904 en
1296 2890 1299 2893 ·
