1982 3230
8 795 23 821 ’ὁ

749 54 936 127 Lmen
960 79 1004 124 -v
1617 77 1720 130 153

102 229 194 278 rio.
246 242 273 277 a
300 226 446 276 simili
472 228 538 275 ita
564 232 620 274 ut
643 224 778 289 ‘quia
803 223 959 287 patris
983 222 1274 275 interfector
1301 221 1460 272 culleo
1486 222 1716 278 insuitur,

104 299 228 348 haec
252 312 410 362 poena
437 309 638 346 manere
659 293 839 345 debeat
864 293 1211 343 matricidam’.
1253 309 1280 343 a
1301 294 1623 358 consequenti
1649 293 1718 341 sic

105 366 468 434 ‘tyrannicidae
514 367 804 429 praemium.
891 365 974 430 qui
1019 365 1172 414 suasit
1214 371 1423 429 tyranno
1467 363 1719 428 deponere

105 439 404 488 dominatum
440 436 714 500 praemium
750 436 888 500 petit.
967 433 1152 499 colligit
1187 450 1280 499 par
1314 449 1423 484 esse
1466 435 1716 489 meritum,

62 528 84 560 5
106 510 219 573 quia
245 506 459 557 reddidit
483 506 799 556 libertatem’.
868 521 894 554 a
923 506 1111 554 maiore
1138 505 1200 553 ad
1226 505 1388 554 minus
1417 504 1594 571 [supra
1621 505 1721 554 dixi

106 575 261 646 enim]
285 576 498 627 ‘exulem
518 578 819 641 permittitur
840 575 1079 639 iugulare,
1106 574 1222 623 licet
1242 576 1387 623 etiam
1410 575 1718 631 uerberare',

103 665 128 698 a
157 649 404 699 contrario
430 649 500 696 ‘si
528 648 604 696 uir
630 647 772 696 fortis
807 652 1030 696 meretur
1058 646 1361 710 praemium,
1392 644 1619 695 desertor
1647 645 1718 694 di-

103 732 232 782 gnus
259 725 332 768 est
356 722 562 783 poena’.

245 802 455 852 Finitiua
492 807 720 866 superest
745 803 966 866 quaestio
994 802 1055 851 de
1081 802 1251 866 scripti
1287 801 1607 865 ambiguitate
1635 800 1720 850 de·
1751 809 1836 849 466

41 895 85 927 10
105 888 324 935 mananS,
355 888 468 924 cum
496 872 694 936 aliquod
731 873 941 922 uerbum
969 873 1017 921 in
1045 872 1153 935 lege
1191 871 1270 921 uel
1307 877 1604 921 testamento
1631 871 1720 921 du·

103 943 239 994 bium
267 950 342 994 est
366 950 416 994 et
441 943 722 994 definitione
751 943 978 993 clarescit
1002 950 1056 991 ut
1082 947 1247 992 ‘nocte
1275 958 1386 992 cum
1415 942 1512 992 telo
1540 942 1720 1007 depre—

101 1014 312 1064 hensum
339 1013 483 1064 liceat
508 1014 761 1070 occidere,
790 1014 1034 1078 quendam
1064 1029 1173 1062 cum
1203 1014 1329 1063 suste
1366 1021 1513 1063 nocte
1541 1013 1719 1079 depre-
1743 1024 1825 1062 151
1845 1021 1882 1062 G

103 1085 315 1135 hensum
360 1085 675 1149 magistratus
720 1084 912 1134 occidit.
989 1099 1106 1133 reus
1152 1091 1226 1133 est
1268 1084 1444 1134 caedis.
1521 1084 1632 1148 lege
1667 1099 1720 1133 se

105 1156 303 1221 quidem
339 1162 504 1205 tuetur
530 1156 613 1204 sed
652 1154 802 1204 telum
842 1155 958 1219 quid
985 1157 1046 1204 sit
1080 1157 1331 1219 inquirit'.
1410 1156 1542 1219 quod
1570 1171 1720 1220 quae-

42 1245 85 1277 15
109 1227 279 1274 stionis
300 1241 456 1290 genus
482 1226 576 1274 hoc
603 1242 628 1275 a
649 1225 1011 1290 principalibus
1038 1226 1245 1274 statibus
1272 1226 1449 1280 differt,
1479 1226 1592 1290 quia
1620 1241 1718 1274 non

106 1296 167 1346 de
196 1296 323 1346 facto
360 1297 491 1345 unde
518 1302 625 1345 orta
653 1298 869 1346 causatio
896 1302 992 1351 est,
1022 1297 1108 1345 sed
1136 1297 1195 1345 de
1223 1297 1395 1360 scripti
1421 1302 1609 1345 tantum
1638 1297 1721 1345 de-

104 1367 324 1416 finitione
373 1367 678 1431 disquiritur.
757 1366 1017 1415 discutitur
1067 1368 1217 1429 igitur
1262 1366 1321 1414 ab
1367 1366 1445 1416 his
1480 1366 1721 1429 legalibus

105 1443 259 1486 status
283 1436 580 1501 principales
606 1453 713 1486 esse
735 1437 973 1486 discretos
1001 1438 1156 1486 ethos
1183 1438 1454 1486 incidentes
1476 1438 1586 1494 dici,
1615 1436 1724 1486 illos

105 1515 292 1564 autem,
322 1523 347 1556 a
368 1508 546 1572 quibus
573 1523 718 1557 causa
745 1509 988 1563 nascitur,
1016 1508 1095 1557 uel
1118 1510 1493 1557 constitutiones
1519 1508 1601 1557 uel
1626 1514 1722 1555 sta-

38 1596 87 1629 ·20
108 1585 187 1627 tus
213 1580 396 1628 rectius
421 1578 676 1643 appellari.

248 1676 348 1725 Iam
398 1691 532 1725 nunc
582 1677 804 1726 decursis
855 1677 1286 1744 constitutionibus
1350 1678 1719 1727 controuersias
1750 1688 1837 1727 467

29 1729 32 1734 Α
105 1758 531 1796 DELIBERATIVI
583 1763 638 1796 ac
687 1759 1137 1797 DEMONTRATIVI
1197 1749 1395 1810 generis
1447 1748 1721 1797 uideamus

107 1833 220 1865 nam
249 1826 296 1866 et
330 1833 589 1866 causarum
615 1816 741 1882 <tria
772 1832 952 1880 genera
990 1833 1097 1868 esse
1125 1817 1329 1866 dubium
1366 1833 1467 1867 non
1497 1826 1571 1867 est
1598 1825 1647 1868 et
1671 1821 1723 1867 in

108 1888 241 1936 omni
278 1903 420 1936 causa
458 1894 635 1936 statum
673 1888 856 1937 debere
891 1891 1105 1945 uersari,
1159 1888 1274 1938 licet
1309 1890 1359 1938 in
1397 1888 1723 1938 deliberatiuo

35 1979 86 2010 25
110 1958 306 2022 quidam
335 1958 615 2022 qualitatem
652 1958 947 2021 negotialem
984 1961 1278 2015 consistere,
1308 1959 1439 2023 quod
1467 1959 1527 2009 de
1556 1959 1722 2009 futuro

109 2027 374 2086 deliberat,
424 2029 763 2077 existimarint.
858 2035 1023 2079 tamen
1066 2031 1131 2078 ita
1177 2029 1386 2094 qualitas
1427 2030 1723 2095 plerumque

110 2099 355 2148 censenda
384 2105 456 2147 est
483 2105 537 2147 ut
561 2098 638 2147 alii
668 2115 863 2165 quoque
891 2107 1047 2150 status
1082 2100 1196 2149 huic
1223 2102 1394 2163 generi
1422 2115 1566 2164 posse
1595 2104 1724 2150 acci-

109 2169 226 2218 dere
262 2184 358 2218 non
398 2176 658 2232 negentur.
745 2185 876 2219 nunc
912 2177 1065 2220 status
1102 2172 1151 2219 in
1189 2171 1367 2221 talibus
1402 2173 1466 2220 ita
1512 2173 1721 2235 reperiri

107 2254 252 2303 posse
279 2240 561 2297 firmamuS‚
598 2246 778 2289 utnon
816 2257 875 2290 ex
911 2243 1193 2291 intentionis
1230 2242 1544 2306 depulsione,
1576 2259 1721 2307 quem

45 2330 88 2363 30
110 2309 168 2358 ad
197 2310 394 2358 modum
423 2311 471 2357 in
500 2310 814 2361 conflictibus
841 2318 1166 2361 monstratum
1195 2319 1285 2369 est,
1313 2313 1534 2376 regulam
1558 2320 1724 2361 tenea-

109 2395 236 2428 mus.
314 2380 428 2442 quid
458 2382 588 2429 enim
615 2387 699 2430 aut
724 2383 833 2446 quis
861 2383 1097 2439 intendet,
1127 2382 1206 2432 uel
1234 2383 1408 2431 ordine
1437 2382 1580 2431 solito
1608 2397 1723 2446 per·

224 2524 243 2560 1
279 2521 529 2560 insinuitur
557 2519 617 2560 B¹
677 2518 695 2574 ΙΙ
754 2523 780 2562 5
821 2535 961 2575 supra
992 2522 1088 2563 dixi
1120 2524 1239 2564 enim
1270 2525 1409 2564 deleuz‘
1466 2520 1484 2575 Η
1545 2524 1571 2562 6
1610 2523 1725 2564 licet

109 2590 207 2618 eum
231 2578 255 2617 h
296 2575 314 2630 ΙΙ
356 2580 407 2617 13
439 2577 589 2627 legem
610 2578 648 2617 R
686 2575 704 2631 ΙΙ
746 2581 799 2619 16
830 2579 965 2618 horta
986 2580 1023 2619 R
1057 2577 1076 2632 ΙΙ
1115 2582 1170 2620 20
1201 2581 1375 2619 rectius
1397 2581 1593 2620 Halmius
1625 2593 1725 2619 eer-

107 2639 181 2673 tus
210 2633 253 2672 B
286 2634 456 2673 certius
477 2634 515 2673 R
562 2630 580 2686 Η
630 2635 682 2673 21
718 2635 1026 2675 controuersis
1047 2635 1106 2674 B¹
1148 2633 1167 2689 ΙΙ
1206 2638 1260 2676 26
1292 2636 1465 2675 liberat
1485 2635 1544 2675 B¹
1586 2633 1604 2689 ΙΙ
1646 2649 1723 2677 ae-

109 2690 341 2729 stimarint
362 2689 403 2728 B
443 2687 460 2743 Η
510 2691 575 2729 ita
598 2690 665 2729 bD
697 2689 742 2728 id
764 2690 805 2729 B
845 2687 863 2744 Η
912 2692 966 2730 27
999 2691 1211 2732 accidere
1243 2692 1327 2731 BI)
1368 2692 1590 2732 accedere
1612 2694 1723 2733 Hal—

110 2746 211 2785 mius
258 2742 276 2798 Η
325 2748 379 2787 28
409 2747 698 2798 repperiril)
745 2742 765 2800 ss
814 2750 868 2787 30
908 2747 1116 2798 regulam
1155 2752 1412 2787 teneamus.
1461 2748 1571 2800 quid
1602 2749 1722 2790 enim

112 2800 174 2840 Rb
206 2802 474 2855 regulatimz
509 2803 599 2852 Qui
632 2805 749 2842 enim
769 2803 837 2842 B:
869 2804 1063 2842 ‘uidetur
1093 2809 1206 2844 totus
1236 2807 1351 2844 locus
1379 2806 1506 2856 97·ααί
1534 2806 1637 2846 uitio
1657 2807 1724 2846 la-

111 2856 266 2896 borare
288 2860 401 2910 quod
430 2861 576 2899 tollere
608 2862 834 2899 nescimus-²
866 2860 1060 2899 Halmius
1100 2856 1118 2913 ΙΙ
