1982 3230
756 110 943 153 mmm
971 110 1019 152 11
1624 102 1694 159 53

336 260 383 305 et
411 252 694 318 disciplinas
721 251 1029 302 annotabunt
1054 248 1246 300 sobrias

335 339 426 389 pro
451 330 592 389 parte
618 322 771 373 multa
799 337 892 372 nec
917 320 1158 378 uetabunt
1182 319 1386 369 ludicra.

334 394 488 444 habes
515 394 630 458 quid
658 395 819 450 instet,
847 394 889 441 si
914 397 1128 456 potestas
1155 390 1381 440 caelitum

332 463 685 530 faueant-<que
710 464 878 514 Musae
904 467 952 512 et
978 460 1142 527 chelys
1169 461 1352 510 Letoia.

0 782 53 870 ,l‘

34 1193 56 1226 5
677 1161 938 1223 LIBER
981 1160 1080 1221 III
1731 1174 1785 1214 48
1808 1171 1844 1213 G

327 1367 454 1434 DE
506 1368 756 1434 ARTE
812 1318 1443 1434 GRAMMATIGA

490 1600 705 1650 Rursum
734 1600 946 1650 Camena
973 1614 1130 1662 paruo
1731 1608 1812 1647 221

492 1670 724 1735 phaleras
750 1675 892 1735 parat
916 1669 1084 1719 libello

494 1749 542 1790 et
567 1740 674 1790 uult
699 1741 855 1789 amica
881 1740 1005 1788 fietis

20 1823 58 1856 ιο
495 1816 771 1860 commenta
798 1809 930 1859 ferre
956 1808 1221 1876 primum>

0 1877 2 1882 ’
495 1895 776 1930 memorans
801 1879 1012 1943 frigente
1038 1894 1161 1928 uero

495 1950 563 1999 nil
590 1965 735 2014 posse
762 1965 963 1999 comere
988 1964 1134 1999 usum

494 2021 711 2084 uitioque
738 2020 819 2069 dat
844 2026 1021 2085 poetae

501 2091 707 2139 infracta
736 2090 867 2139 ferre
895 2095 1029 2140 certa

25 2172 58 2204 15
494 2160 674 2210 lasciua
704 2160 825 2209 dans
851 2159 1013 2224 lepori

495 2236 542 2281 et
566 2232 796 2296 paginam
822 2236 1093 2280 uenustans

491 2300 647 2350 multo
676 2300 845 2350 illitam
874 2300 1057 2357 colore,

497 2373 663 2435 atquin
690 2372 872 2436 prioris
899 2370 979 2419 ille
1733 2379 1823 2419 229,-

491 2441 662 2491 titulus
689 2446 857 2491 monet
881 2439 1051 2496 libelli,

195 2604 220 2642 2
251 2602 507 2643 neetabunt
525 2602 567 2642 D
605 2599 625 2655 ῙΙ
662 2603 691 2642 4
722 2601 866 2643 chelis
887 2601 974 2643 BD
1000 2599 1021 2656 ΙΙ
1057 2603 1337 2655 subscriptum
1366 2599 1703 2643 FELICITER

81 2656 381 2699 MART1AN1
411 2658 589 2698 MINEI
620 2657 752 2709 (corr.
776 2671 835 2699 eoe
861 2658 1102 2709 MINNEI)
1131 2657 1373 2699 FELICIS
1411 2657 1700 2698 CAPELLE

82 2713 165 2754 DE
195 2713 440 2755 NVPTIIS
479 2713 907 2755 PHILOLOGIAE
947 2715 1061 2756 LIB.
1092 2715 1140 2755 11
1170 2712 1414 2756 EXPLIC.
1436 2715 1481 2754 in
1501 2713 1543 2753 B
1572 2713 1700 2753 Mar

82 2769 216 2820 titini,
263 2774 309 2810 et
338 2771 483 2810 Minei
511 2770 688 2810 Felicis
720 2768 944 2822 Capellae
976 2769 1031 2810 de
1062 2771 1236 2823 nuptiis
1274 2769 1568 2822 Philologiae
1599 2769 1707 2811 LIB

85 2823 278 2867 SECDS
299 2824 590 2867 EXPLICIT
621 2828 664 2866 in
684 2826 724 2865 D
758 2822 777 2879 Ι]
813 2828 839 2866 5
868 2827 1147 2878 inscriptum
1154 2825 1387 2867 INCIPIT
1418 2826 1501 2866 DE
1532 2825 1704 2868 ARTE

83 2873 439 2924 GERMAHCA
468 2882 571 2923 LIB
592 2882 664 2924 III
693 2883 736 2922 in
757 2881 842 2922 BD
876 2871 1152 2934 (FELICIT
1183 2883 1286 2925 add.
1310 2880 1378 2934 B)
1406 2878 1428 2936 ΙΙ
