1982 3230
765 117 952 157 LIBER
982 118 1023 158 v
1598 112 1700 165 145

87 262 222 310 dium
235 263 267 318 ⁹,
319 265 481 310 utrum
518 259 630 323 quia
674 256 860 307 nullum
907 259 1158 307 hominem
1205 256 1439 321 iugularit
1486 271 1548 306 an
1585 257 1696 319 quia

90 331 282 398 tyranni
324 329 600 379 interfectio
646 328 963 378 homicidium
1000 343 1099 377 non
1137 334 1361 377 uocetur.
1439 334 1512 377 est
1546 329 1696 392 igitur
1715 336 1852 379 1436

88 400 439 452 intendendum
477 400 636 462 ipsum
663 397 782 448 illud
809 400 939 465 quod
968 399 1150 447 sactum
1190 406 1286 455 est,
1327 405 1382 447 ut
1407 399 1447 448 si
1472 398 1520 447 id
1548 413 1698 462 nega-

88 473 219 521 uerit
243 470 553 520 aduersarius
580 469 764 519 habeas
799 472 1161 524 coniecturam,
1191 469 1232 518 si
1255 484 1314 518 eo
1342 484 1579 518 concesso
1608 483 1696 518 no-

42 556 66 589 5
88 557 202 592 men
229 541 446 591 criminis
484 539 750 589 excluserit
775 539 1001 589 intendas
1019 540 1184 588 tinem.
1235 539 1366 604 quod
1393 540 1433 588 si
1462 554 1698 588 concesso
1729 550 1813 590 446

89 613 218 662 facto
244 611 457 674 factique
493 609 738 660 uocabulo
765 610 965 660 licuisse
1003 608 1095 658 sibi
1121 609 1204 658 uel
1231 610 1510 674 oportuisse
1535 610 1700 659 facere

89 683 291 738 dixerit,
332 680 538 744 qualitas
575 683 627 730 in
667 696 812 730 causa
851 687 1108 737 uersatur,
1148 695 1274 744 quae
1311 685 1394 729 aut
1429 680 1490 729 de
1525 694 1582 728 re
1617 688 1702 728 aut

88 753 149 803 de
169 753 359 802 actione
382 751 726 815 congreditur:
755 751 815 801 de
835 767 891 800 re
910 757 964 799 ut
989 750 1243 800 ‘Milonine
1270 750 1435 800 facere
1462 749 1701 800 licuisset’

88 825 148 873 de
175 824 364 872 actione
391 826 472 871 ‘an
499 837 646 872 seruo
672 816 761 871 uel
781 821 974 872 addicto
999 820 1227 871 tribunos
1252 821 1398 870 liceat
1422 820 1700 886 appellare:

24 910 67 942 ιο
90 910 150 945 an
194 892 380 942 habere
422 894 750 956 ignominioso
800 892 944 942 liceat
988 893 1295 942 contionem'
1340 907 1466 956 quae
1509 892 1700 956 species

88 963 332 1029 qualitatis
359 975 726 1014 TRANSLATIO
753 965 1049 1013 nominatur.
1108 963 1226 1012 item
1255 978 1433 1012 cauere
1461 962 1700 1012 debemus

88 1050 150 1085 ne
187 1034 499 1084 intendamus
534 1035 1039 1101 quituoriswofficium
1077 1039 1124 1082 et
1159 1033 1262 1083 sola
1299 1040 1455 1083 status
1492 1032 1735 1150 qualitas!

90 1106 186 1156 fiat.
262 1120 374 1154 nam
404 1106 486 1170 qui
523 1120 720 1155 causam
759 1105 1035 1167 cognoscit,
1075 1105 1383 1168 propositum
1421 1103 1570 1153 habet
1596 1104 1698 1154 effi-

91 1191 205 1225 cere
233 1174 428 1239 aliquid‚
455 1176 502 1224 id
532 1181 606 1225 est
631 1182 715 1224 aut
741 1175 976 1224 damnare
1003 1173 1214 1238 aliquem
1243 1181 1327 1224 aut
1349 1174 1624 1224 absoluere.

26 1260 68 1293 15
230 1246 478 1295 Auditoris
513 1253 674 1294 autern
714 1253 828 1295 sunt
863 1260 1044 1308 genera
1083 1246 1191 1294 tria.
1269 1260 1420 1294 unum
1449 1245 1579 1302 eiUS,
1619 1246 1700 1308 qui
1731 1257 1815 1297 447

90 1316 363 1366 secundum
411 1316 703 1380 aequitatem
743 1315 923 1380 aliquid
964 1316 1131 1365 statuit
1169 1321 1217 1364 et
1259 1317 1301 1364 is
1341 1321 1415 1364 est
1451 1330 1701 1385 perpense

91 1398 290 1436 WDEX.
365 1386 493 1435 aliud
523 1386 641 1443 eiuS,
670 1387 754 1451 qui
778 1386 1036 1436 honestate
1061 1385 1140 1435 uel
1167 1384 1372 1435 utilitate
1397 1386 1585 1435 incerta
1612 1387 1700 1436 du-

90 1457 200 1507 bius
227 1457 413 1506 alienae
449 1458 719 1506 sententiae
746 1458 1118 1521 persuasionem
1153 1455 1510 1520 inexplicabilis
1535 1467 1703 1506 DELI-

90 1539 364 1593 BERATQR
408 1533 672 1592 exspectat.
748 1528 949 1577 tertium
987 1542 1144 1591 genus
1181 1528 1285 1576 eius
1322 1534 1418 1586 est,
1457 1529 1541 1592 qui
1586 1527 1702 1577 facti

25 1613 69 1646 20
90 1597 396 1647 honestatem
418 1597 497 1647 uel
516 1598 871 1663 turpitudinem
891 1597 1047 1647 libera
1069 1598 1403 1647 aestimatione
1422 1599 1701 1663 perpendit,

91 1668 225 1718 hunc
268 1679 728 1719 AESTIMATOREM
774 1670 1006 1718 conuenit
1050 1669 1312 1718 nominari.
1388 1669 1511 1717 haec
1553 1670 1703 1732 igitur

91 1746 207 1789 sunt
228 1739 321 1788 tria
343 1754 600 1788 causarum
628 1753 828 1801 genera,
857 1754 982 1803 quae
1008 1738 1268 1804 hypothesi
1294 1740 1625 1796 continentur,
1652 1739 1701 1787 id

93 1816 167 1859 est
189 1809 431 1858 iudicialis
456 1809 775 1858 deliberatiua
803 1815 852 1859 et
878 1810 1279 1858 demonstratiua.

236 1879 333 1928 Sed
361 1895 471 1928 cum
501 1894 673 1928 omnes
709 1880 1074 1943 praedictarum
1100 1894 1271 1929 rerum
1297 1879 1550 1930 auditores
1575 1878 1700 1945 <du-
1731 1894 1816 1934 448

29 1966 71 2002 25
95 1949 266 1999 bitatio
303 1951 376 1998 sui
413 1950 623 2000 deducat
658 1949 830 2008 officii,
868 1950 1204 2013 quaerendum
1244 1950 1509 2000 discrimen
1549 1959 1620 2000 est
1657 1959 1705 2000 et

94 2021 374 2085 proprietas
400 2019 724 2084 singulorum.
799 2036 911 2069 nam
940 2029 988 2069 et
1011 2021 1155 2070 iudex
1173 2059 1184 2077 ,
1214 2022 1354 2069 cuius
1381 2021 1595 2070 officium
1633 2031 1705 2070 est.

95 2091 328 2139 damnare
354 2106 492 2139 reum
530 2090 611 2140 uel
636 2090 911 2149 absoluere,
946 2092 1308 2156 possessionem
1345 2092 1465 2140 dare
1504 2091 1582 2141 uel
1619 2107 1703 2141 au-

95 2161 256 2218 ferre,
299 2162 585 2226 priusquam
622 2164 913 2226 cognouerit
939 2177 1164 2218 causam,
1205 2161 1395 2212 dubitat
1422 2178 1518 2227 quo
1556 2163 1704 2211 modo

95 2238 260 2280 utatur
286 2231 461 2280 offici0.
538 2238 586 2281 et
611 2234 694 2297 qui
720 2232 961 2283 deliberat
989 2233 1216 2296 ambigua
1254 2233 1431 2282 mentis
1473 2234 1704 2297 opinione

28 2317 72 2351 ³0
95 2301 334 2351 differtur.
374 2308 423 2351 et
446 2301 738 2352 laudationis
764 2303 950 2353 arbiter
977 2318 1036 2352 an
1064 2304 1156 2352 rite
1176 2305 1286 2368 quis
1310 2302 1539 2352 laudetur
1560 2305 1705 2352 aesti-

94 2374 246 2422 manti
294 2373 707 2437 contemplatione
750 2374 1017 2438 dispensat.
1093 2374 1178 2423 sed
1219 2389 1329 2423 cum
1367 2374 1414 2422 in
1451 2374 1703 2422 diuersum

93 2442 216 2491 haec
243 2442 578 2492 distrahantur
604 2444 786 2500 officia,
815 2451 918 2494 tum
946 2443 1062 2493 illud
1090 2445 1300 2494 maxime
1328 2444 1593 2492 discrimen
1620 2444 1706 2491 ad-

94 2512 363 2569 tendimus,
393 2528 537 2576 quem
565 2514 623 2562 ad
651 2513 890 2581 modum>
913 2514 1219 2579 temporibus
1244 2515 1515 2564 uarientur.
1591 2528 1704 2563 nam

99 2582 384 2633 deliberatio
413 2584 564 2632 futuri
600 2590 787 2633 tantum
825 2586 1067 2650 temporis
1104 2585 1323 2634 continet
1348 2585 1704 2648 quaestionem,

208 2726 237 2765 4
268 2737 492 2765 concessa
513 2724 570 2764 B¹
613 2722 631 2779 Η
671 2726 696 2765 5
728 2725 944 2765 intendas
964 2726 1124 2777 scripsi
1150 2725 1402 2778 intellegas
1423 2725 1506 2766 BR
1533 2722 1553 2779 ΙΙ
1593 2727 1617 2766 7
1651 2725 1708 2766 ad

99 2779 155 2820 de
185 2793 235 2820 re
259 2780 318 2821 B¹
358 2778 378 2835 [1
417 2783 443 2822 8
473 2781 695 2821 Milonine
717 2783 876 2833 scripsi
902 2781 1060 2822 miloni
1082 2781 1163 2822 BR
1202 2778 1220 2835 ΙΙ
1261 2783 1314 2822 15
1346 2781 1582 2822 auditores
1605 2782 1643 2823 R
1670 2779 1690 2835 ΙΙ

101 2836 154 2876 16
185 2836 305 2877 alius
334 2835 394 2877 B¹
443 2834 463 2890 Η
513 2840 566 2878 22
607 2838 869 2879 continetur
897 2837 940 2877 B
986 2836 1005 2891 Η
1055 2838 1110 2878 25
1140 2837 1359 2879 officioD
1407 2835 1427 2892 ΙΙ
1475 2840 1530 2880 30
1562 2840 1709 2880 aesti-

99 2891 213 2932 mati
241 2891 264 2932 b
301 2890 321 2947 ΙΙ
361 2896 414 2934 33
444 2894 683 2934 uariantur
703 2895 726 2935 b
772 2890 795 2948 Π

186 2988 452 3018 ΜΔΒΤΙΔΝΠΒ
484 2990 692 3019 CAPELLA
1306 2964 1371 3017 10
