1982 3230
663 98 668 102 .
753 21 940 113 imma
968 69 1008 111 v
1594 63 1700 117 169

0 209 21 270 :37-
86 228 271 278 genere
315 211 642 262 transl'erendi
687 212 829 261 etiam
876 209 1162 273 allegoriam
1200 214 1377 274 poetae
1426 209 1696 273 praecipue

0 293 10 326 ·“-
85 289 378 333 nexuerunt.
455 288 503 332 et
541 281 712 332 Cicero
751 285 884 331 ‘cum
923 277 1082 350 [dicit]
1129 286 1352 330 senatum
1389 295 1415 328 a
1452 277 1698 343 guberna-

88 353 212 404 culis
249 353 534 409 deiecisseS,
570 350 810 416 populum
842 351 1116 401 Romanum
1154 367 1180 400 e
1215 351 1329 399 naui
1364 348 1696 405 exturbasses,

87 426 194 486 ipse
230 422 525 488 archipirata
561 437 673 471 cum
701 436 851 486 grege
887 422 1195 486 praedonum
1231 421 1567 484 impurissimo
1594 417 1698 484 ple-

45 507 66 538 5
89 495 303 544 nissimis
329 491 451 542 uelis
486 493 782 556 nauigares'.
860 500 909 541 et
945 493 997 539 in
1023 491 1252 539 Pisonem
1290 494 1363 539 ‘ut
1398 492 1480 554 qui
1518 491 1567 539 in
1597 505 1699 538 ma·
1727 551 1732 554 Ι

88 566 230 616 ximis
263 562 638 628 tempestatibus
674 578 730 612 ac
765 561 997 611 fluctibus
1032 562 1107 610 rei
1141 560 1367 625 publicae
1404 575 1582 609 nauem
1611 573 1699 622 gu-

88 635 374 684 bernassem
413 632 698 698 saluamque
734 634 784 681 in
820 638 969 695 portu
997 629 1339 686 collocassem,
1376 630 1554 679 frontis
1588 635 1701 678 tuae

87 703 384 754 nubeculam
421 710 470 753 et
508 702 725 766 collegae
758 704 833 751 tui
869 703 1251 751 contaminatum
1289 701 1514 763 spiritum
1550 700 1701 763 perti·
1899 754 1902 758 ⁴

87 773 421 824 mescerem‘?'
495 774 741 838 usurpatis
777 786 895 835 ergo
934 773 1057 823 haec
1091 771 1235 821 simul
1273 770 1500 835 pluribus
1535 769 1704 818 uerbis
1726 772 1808 810 167
1821 769 1856 809 G

25 858 66 889 10
91 845 311 895 elocutus
339 852 426 902 est,
468 859 594 910 quae
621 845 723 893 suis
758 844 964 892 fortasse
1003 840 1317 908 angit->stim
1353 848 1435 891 aut
1472 839 1704 890 humilius

90 915 291 965 (liceret.
367 916 482 964 item
510 914 743 964 translata
772 914 982 978 quodam
1019 913 1166 962 modo
1203 917 1342 969 sunt,
1372 927 1497 975 quae
1534 917 1619 960 aut
1645 925 1704 959 ex

90 991 232 1051 parte
257 990 413 1034 totum
442 992 525 1035 aut
554 1001 614 1034 ex
644 991 747 1034 toto
783 990 976 1048 partem
1016 990 1099 1032 aut
1136 999 1193 1033 ex
1230 997 1330 1032 uno
1357 981 1527 1046 plures
1563 995 1704 1030 mon-

91 1062 250 1105 strant
284 1063 367 1105 aut
400 1072 458 1104 ex
495 1055 720 1120 pluribus
755 1053 961 1117 singula.
1040 1069 1099 1102 ex
1146 1060 1288 1118 parte
1332 1059 1491 1101 totum
1525 1058 1580 1101 ut
1624 1052 1705 1100 ‘in

92 1128 296 1190 puppim
336 1126 466 1175 ferit'
502 1133 586 1175 aut
630 1129 728 1174 ‘me
755 1125 910 1174 isdem
935 1123 1219 1189 parietibus
1245 1129 1350 1172 tuto
1387 1138 1494 1172 esse
1519 1123 1704 1172 tecum'

30 1209 70 1240 15
94 1212 185 1261 pro
211 1196 403 1246 ‘eadem
432 1196 613 1245 domo’.
689 1187 823 1244 hun'c
851 1202 1054 1259 tropum
1093 1194 1441 1259 metonymian
1461 1206 1706 1255 gramma-

92 1269 178 1316 tici
220 1273 584 1323 memorarunt,
631 1265 938 1314 catachresin
984 1266 1129 1313 etiam
1177 1261 1569 1327 Graeci,'quam
1616 1277 1707 1310 nos

95 1338 382 1387 abusionem
410 1336 616 1385 dicimus
642 1342 697 1384 ut
723 1351 833 1384 cum
861 1334 1180 1398 perhibemus
1207 1337 1453 1382 ‘naturam
1481 1333 1707 1382 deorum'

94 1423 187 1472 pro
224 1406 552 1456 ‘substantia'.
630 1407 681 1454 in
719 1406 991 1455 coniunctis
1026 1419 1148 1453 uero
1175 1404 1344 1453 uerbis
1372 1404 1707 1467 orationisque
1741 1418 1825 1457 513

98 1483 329 1527 contextu
368 1477 612 1525 seruanda
638 1482 753 1525 sunt
787 1477 910 1525 haec
935 1482 990 1524 ut
1027 1476 1330 1524 constructio
1370 1479 1708 1538 coagmentata

32 1561 74 1592 20
97 1554 146 1598 et
172 1546 422 1596 conclusio
448 1547 667 1610 perfecta
694 1547 956 1610 proueniat
982 1552 1029 1594 et
1050 1545 1263 1610 quodam
1291 1545 1542 1594 schemate
1562 1544 1709 1593 dictio

96 1623 402 1667 uenustetur.

239 1687 339 1736 Iam
387 1699 840 1738 COMPOSITIONIS
893 1693 1159 1750 praecepta
1209 1700 1517 1748 percurram,
1572 1685 1711 1733 cuius
1742 1684 1829 1724 514-

97 1758 271 1807 uitium
299 1760 565 1807 maximum
588 1764 660 1806 est
680 1758 868 1806 hiulcas
895 1764 942 1805 et
964 1771 1179 1819 asperaS,
1208 1755 1376 1804 frenos
1403 1757 1565 1811 etiam,
1587 1756 1708 1802 iota—

98 1830 278 1878 cismos
303 1829 615 1892 mytacismos
640 1827 967 1876 labdacismos
992 1826 1459 1890 homoeoprophora
1499 1827 1713 1888 dyspro-

35 1911 77 1943 25
97 1900 264 1960 phora
291 1903 338 1946 et
365 1897 634 1962 polysigma
661 1912 757 1945 non
795 1898 952 1946 uitare
979 1896 1058 1945 uel
1085 1895 1344 1945 cuiuslibet
1379 1895 1569 1944 litterae
1596 1895 1712 1943 assi-

30 2000 33 2003 ·
102 1969 336 2016 duitatem
380 1968 437 2015 in·
468 1968 635 2016 odium
671 1969 930 2032 repetitam
967 1974 1019 2015 ut
1055 1965 1177 2015 ‘sale
1216 1981 1330 2015 saxa
1368 1965 1629 2014 sonabant'
1669 1971 1715 2013 et

103 2043 266 2087 ‘casus
293 2038 566 2087 Cassandra
595 2037 840 2106 canebat'.

215 2194 241 2231 2
273 2191 328 2231 de
351 2192 480 2233 domo
503 2205 538 2232 s.
563 2193 586 2242 ξ
608 2193 662 2232 24
710 2189 730 2246 Η
779 2194 803 2232 5
835 2192 934 2241 §20
983 2188 1001 2245 Η
1053 2193 1105 2231 14
1135 2192 1274 2244 Verg.
1297 2192 1410 2231 Aen.
1433 2190 1455 2230 I
1486 2191 1566 2231 115
1617 2188 1714 2229 Cic.

103 2247 208 2288 Cat.
230 2249 252 2288 I
273 2248 296 2296 ξ
322 2249 373 2288 19
408 2246 427 2301 Η
465 2250 516 2288 15
539 2262 593 2289 ex
615 2249 712 2291 Cic.
725 2248 853 2289 Orat.
877 2248 901 2297 ξ
924 2250 977 2288 93
999 2260 1066 2299 sq.
1107 2244 1126 2302 Η
1166 2249 1219 2287 26
1242 2248 1375 2300 Verg.
1388 2246 1501 2291 Aen.
1522 2247 1659 2288 V866
1679 2243 1699 2299 Η

99 2305 153 2345 27
182 2303 295 2345 ibid.
326 2304 395 2345 III
426 2305 506 2346 183

218 2433 243 2470 2
277 2434 322 2470 etz
343 2430 427 2469 BD
466 2434 516 2470 ut.
544 2431 567 2470 b
615 2427 635 2483 Η
684 2430 795 2470 dicit
825 2432 907 2472 del.
931 2431 1124 2470 Halmius
1172 2426 1191 2483 Η
1238 2431 1267 2470 4
1306 2430 1560 2482 arcipirata
1581 2427 1641 2468 B¹

104 2486 413 2540 impurissimo
459 2486 654 2526 Halmius
707 2487 1065 2539 impurissimum
1094 2486 1179 2526 BD
1239 2486 1576 2538 impurissimus
1609 2485 1632 2524 b

17 2587 20 2592 ,
106 2546 133 2585 9
164 2542 297 2584 simul
330 2543 489 2593 scripsi
529 2541 740 2582 similiter
767 2541 852 2581 BD
900 2538 919 2595 Η
970 2544 1022 2582 10
1061 2543 1157 2582 suis
1188 2542 1387 2594 propriis
1416 2542 1458 2580 D
1507 2538 1526 2590 Η
1576 2553 1721 2592 augu-

109 2599 226 2640 stius
247 2595 305 2638 B¹
346 2595 365 2652 Η
407 2600 459 2637 14
488 2597 666 2637 hisdem
686 2597 769 2637 BR
806 2594 826 2650 Η
863 2601 961 2638 toto
983 2595 1086 2638 B¹R
1123 2594 1143 2651 Η
1184 2599 1236 2638 15
1267 2598 1596 2648 metonymiam
1616 2596 1655 2636 R
1682 2592 1702 2649 Η

113 2657 165 2696 16
203 2657 513 2694 memorarunt
543 2653 585 2692 B
622 2653 917 2694 nominarunt.
944 2653 982 2693 R
1030 2650 1050 2706 Η
1099 2655 1151 2694 17
1182 2657 1233 2692 ut:
1266 2657 1341 2693 est
1371 2653 1394 2692 b
1444 2649 1463 2706 Η
1511 2653 1565 2692 24
1596 2665 1720 2692 moe-

109 2712 330 2751 tacismos
373 2709 456 2750 BR
522 2707 542 2763 Η
610 2709 959 2761 omoeoprofora
999 2707 1116 2748 B¹R¹
1165 2708 1545 2760 omoeoproforan
1592 2708 1616 2748 b
1685 2705 1703 2762 Η

78 2771 79 2774 ’
111 2766 423 2820 dysprophora
454 2767 554 2806 add.
588 2767 782 2805 Halmius
827 2762 846 2818 Η
898 2766 951 2804 25
982 2764 1261 2817 polysigmia.
1289 2764 1371 2804 BR
1408 2764 1722 2818 polysigmata

110 2822 307 2863 Halmius
357 2819 375 2876 Η
423 2823 477 2862 27
510 2822 740 2863 casandra
761 2819 821 2860 B¹
861 2817 884 2874 Η
