1982 3230
431 129 738 174 CAESARIS
770 88 1114 172 GERMANICI
1141 123 1386 169 ARATEA
1621 121 1726 177 381

3 293 4 302 ¹
52 267 220 326 ss‘nos
256 275 403 325 etiam
441 286 599 337 genus
638 271 761 321 eius'
810 269 1025 320 ostendit
1069 269 1261 319 animae
1305 264 1726 318 inmortalitatem.

60 403 65 405 ‚
107 345 239 397 bene
272 349 530 411 praeterea
557 341 690 406 quod
723 340 941 391 lenem.
1018 344 1228 389 nouerat
1262 338 1396 388 enim
1430 337 1604 388 uirtuti
1638 335 1724 387 ali-

43 430 51 443 ‘
109 415 230 482 quid
264 413 514 465 aemulum
558 413 795 462 futurum.
873 410 1047 461 deum
1083 411 1232 474 igitur
1268 407 1509 459 aduersus
1546 405 1728 458 delicta

44 478 46 486 ’
107 485 329 538 lenem.
406 484 493 534 sed
529 482 762 549 quoniam
797 481 1017 531 omnium
1051 481 1102 529 in
1139 480 1255 529 Ioue
1290 479 1541 529 bonorum
1577 493 1727 529 causa

6 558 17 618 j
39 569 91 624 5⁸
113 562 207 613 est,
246 553 610 605 rationabiliter
646 558 695 602 et
732 551 952 602 omnium
999 565 1181 615 parens
1216 549 1505 599 adfirmatur
1542 556 1590 599 et
1626 563 1727 599 non

110 625 271 677 solum
296 626 554 675 hominum
581 624 666 674 sed
695 624 842 673 etiam
868 621 1093 672 deorum.

253 711 426 762 Cetera
454 723 581 775 quae
606 705 732 775 toto]
763 723 812 757 u.
845 713 905 755 17

111 850 249 902 litam
277 866 394 901 cum
418 851 571 901 Diana
606 849 780 898 uenari
808 854 855 898 et
879 849 929 896 in
965 845 1214 896 montibus
1239 846 1425 910 uagari.
1491 859 1618 911 quae
1654 846 1729 894 ui-

42 926 81 964 '³-·
110 922 225 973 tiata
265 921 326 971 ab
362 922 482 971 Ioue
518 919 756 970 celauerit
781 918 1000 967 Dianam.
1075 932 1222 982 quam
1257 916 1513 981 grauidam
1545 915 1730 965 nudam

14 1026 17 1034 «
50 1012 54 1014 ’
107 990 359 1043 lauantem
384 1006 499 1041 cum
525 991 798 1055 aspexisset
823 989 947 1038 irata
974 988 1082 1051 dea,
1111 988 1334 1037 efferauit
1360 1002 1483 1037 eam.
1536 992 1583 1036 et
1610 985 1729 1035 dum

50 1094 54 1131 3
108 1069 243 1113 esset
276 1077 391 1113 ursa
420 1060 610 1111 Arcada
638 1075 748 1110 esse
797 1059 1047 1125 enixam.)
1083 1058 1288 1122 Amphis
1326 1059 1545 1107 comicus
1581 1062 1729 1121 poeta

43 1155 48 1171 r
109 1132 267 1183 refert
299 1132 469 1182 Iouem
509 1132 691 1180 Dianae
729 1129 891 1194 effigie
927 1130 1336 1192 transfiguratum
1372 1130 1425 1177 in
1460 1128 1723 1177 uenatione
1748 1137 1858 1181 393

32 1199 37 1253 J
112 1201 365 1254 Callistum
392 1203 762 1265 compressisse.
810 1207 1035 1264 tempore
1060 1206 1235 1264 partus
1259 1198 1408 1263 pleno
1437 1213 1550 1248 cum
1577 1211 1727 1247 uexa-

35 1308 53 1319 η,
75 1305 83 1317 .
112 1281 251 1324 retur
277 1273 459 1324 Dianae
486 1271 680 1337 culpam
707 1270 964 1320 indicasse.
1038 1272 1215 1320 iratam
1243 1269 1447 1318 Dianam
1483 1270 1534 1317 in
1559 1282 1729 1317 ursam

22 1387 50 1412 =..
112 1344 509 1408 transfigurasse.
554 1340 716 1406 <quae
742 1341 859 1390 dum
894 1342 943 1389 in
971 1340 1225 1389 montibus
1252 1346 1537 1402 uagaretur,
1566 1354 1593 1387 a
1621 1339 1730 1401 qui·
1795 1365 1797 1368 -

18 1412 39 1427 ·’
110 1413 322 1467 busdam
347 1412 631 1478 pastoribus
657 1426 989 1475 conprensam
1024 1426 1135 1460 cum
1161 1424 1320 1476 puero
1356 1415 1404 1459 et
1438 1408 1731 1473 perductam

113 1484 175 1535 ad
201 1484 480 1550 Lycaonem
514 1489 627 1548 post
659 1488 859 1546 tempus
894 1482 944 1530 in
970 1481 1148 1546 Lycaei
1172 1481 1305 1531 Iouis
1325 1478 1524 1546 ⁸templo
1555 1477 1730 1529 confu—

35 1599 40 1615 -.
113 1555 254 1620 giens
279 1569 394 1605 cum
429 1568 536 1603 eam
562 1554 714 1603 Arcas
739 1551 866 1602 filius
900 1556 1291 1617 persequeretur
1327 1550 1414 1602 ubi
1448 1551 1587 1600 nefas
1625 1555 1732 1599 erat

0 1639 2 1690 ζ
24 1622 50 1663 ῖ·’
114 1625 325 1683 intrare,
365 1639 478 1674 cum
504 1623 564 1673 ab
591 1622 864 1673 Arcadibus
888 1623 1088 1687 utrique
1115 1622 1324 1671 interfici
1349 1626 1579 1686 possent,
1614 1620 1730 1684 Iup-

113 1696 244 1760 piter
269 1702 507 1759 utrosque
534 1693 655 1744 caeli
680 1694 824 1743 astris
848 1692 1011 1742 intulit
1037 1692 1345 1756 VRSAMque
1372 1706 1480 1741 eam
1505 1690 1730 1740 nomina-

0 1778 1 1781 ’
23 1779 43 1828 ξ
84 1762 238 1833 ἰιίῐ.>
301 1765 508 1816 Ouidius
535 1780 561 1814 a
588 1765 774 1814 Iunone
800 1762 862 1812 ob
890 1762 1153 1827 pelicatum
1190 1766 1243 1813 in
1270 1776 1438 1811 ursam
1464 1761 1726 1823 transfigu-

23 1786 42 1913 ἑ
113 1842 273 1887 ratam
300 1851 407 1886 eam
434 1836 619 1885 scribit.
694 1833 880 1899 <habet
906 1833 1071 1883 stellas
1096 1836 1147 1882 in
1174 1834 1334 1897 capite
1363 1831 1448 1882 VII
1477 1838 1525 1882 et
1549 1832 1601 1881 in
1628 1832 1726 1880 sin-

0 1913 43 1993 ᾗ
114 1906 241 1970 gulis
267 1907 453 1956 umeris
479 1904 698 1970 singulas
726 1904 988 1962 obscuraS,
1032 1902 1205 1970 [duas]
1237 1905 1290 1952 in
1317 1918 1456 1953 armo
1486 1917 1650 1959 unam,
1682 1902 1731 1951 in

28 2189 41 2223 r

28 2139 38 2149 ..
230 2107 257 2147 8
289 2102 464 2145 catast.
488 2104 638 2156 p.239‚
662 2103 771 2143 1—8
793 2102 861 2144 ed.
880 2101 1104 2142 Westerm.
1127 2097 1147 2156 Η
1169 2102 1221 2142 16
1244 2099 1423 2142 Catast.
1444 2113 1488 2154 p.
1511 2101 1610 2151 239,
1632 2099 1657 2141 8
1679 2122 1733 2130 —

0 2169 2 2174 ⁸
27 2152 45 2225 ζ
115 2162 215 2211 240,
235 2163 262 2203 3
290 2157 309 2214 ΙΙ
336 2162 391 2202 23
422 2158 601 2201 Catast.
631 2173 673 2212 p.
704 2159 803 2209 240,
824 2158 1009 2208 4—241,
1041 2158 1068 2199 5
1099 2171 1105 2176 ·

0 2342 2 2365 ῑ
30 2331 36 2387 j
233 2332 255 2370 1
288 2343 371 2371 nos
391 2328 644 2381 Breysiyius
673 2340 766 2369 non
797 2327 830 2368 G
868 2323 886 2381 ΙΙ
925 2325 1115 2380 3vdeum
1144 2328 1303 2379 scripsi
1331 2325 1416 2368 deo
1442 2327 1475 2367 C
1511 2324 1530 2380 ΙΙ
1567 2327 1594 2367 4
1623 2327 1736 2367 Ioue

0 2402 4 2406 ·
115 2387 276 2439 scripsi
302 2389 448 2426 totum
470 2385 503 2426 0
529 2381 549 2438 ΙΙ
578 2395 744 2425 causas
766 2381 804 2423 &
824 2383 858 2423 C
878 2396 992 2424 corr.
1014 2383 1218 2423 Heinsius
1246 2379 1264 2436 Η
1294 2385 1320 2424 8
1350 2382 1609 2424 hesidiosus
1637 2383 1679 2423 B
1699 2379 1719 2437 {l

0 2473 4 2486 ;
32 2447 39 2493 'Ji
118 2441 247 2483 ducit
285 2448 384 2482 ante
419 2454 534 2482 corr.
566 2441 609 2479 P
643 2436 663 2493 Η
710 2439 897 2480 solitam
934 2439 1138 2478 Heinsius
1175 2438 1361 2480 solitum
1393 2439 1427 2481 G
1463 2435 1483 2493 Η
1521 2441 1547 2479 9
1577 2439 1740 2480 ueneri

11 2551 14 2555 Χ
117 2499 161 2539 Ρ
196 2495 216 2553 Η
258 2499 307 2538 11
342 2501 388 2538 et
417 2496 612 2538 ferrauit
638 2495 681 2535 B
719 2491 739 2548 ΙΙ
788 2496 840 2536 12
871 2494 1086 2535 Archada
1114 2495 1156 2534 P
1192 2492 1210 2549 ΙΙ
1251 2507 1352 2536 esse
1385 2496 1569 2536 enixam
1602 2496 1736 2536 Hein-

0 2528 43 2595 l
117 2557 206 2596 sius
241 2557 366 2595 esset
394 2553 532 2593 enixa
563 2552 596 2592 G
640 2548 662 2605 Π
710 2555 896 2604 poetam
932 2552 973 2592 P
1014 2547 1034 2604 ΙΙ
1084 2553 1136 2592 13
1166 2551 1312 2593 refert
1339 2553 1382 2592 P
1415 2565 1495 2605 rep
1526 2551 1568 2591 B
1616 2549 1634 2606 Η
1685 2553 1738 2595 14

0 2614 17 2646 ἓ
52 2634 105 2673 Ἴ
120 2613 434 2664 conpressisse
458 2609 499 2649 B
520 2605 540 2662 Η
561 2610 613 2649 17
646 2620 963 2659 comprensam
986 2608 1191 2649 Heinsius
1222 2620 1532 2662 compressam
1562 2609 1605 2648 P
1631 2621 1737 2649 con-

0 2692 9 2725 χ
47 2669 88 2710 <⁸
153 2680 330 2708 ressam
360 2666 402 2706 B
428 2662 447 2720 Η
475 2664 699 2718 perducta
730 2664 771 2703 P
799 2663 1102 2716 perducatam
1133 2663 1175 2704 B
1204 2661 1223 2718 ΙΙ
1253 2665 1304 2705 18
1334 2665 1593 2706 liccaone'm
1623 2667 1665 2706 P
1700 2662 1719 2717 ΙΙ

0 2739 18 2775 43
67 2755 99 2774 ,ἢ
137 2724 244 2776 ycei
273 2723 316 2764 B
346 2722 436 2763 lice
468 2723 510 2761 P
546 2718 565 2775 [Ι
615 2722 667 2762 19
697 2723 998 2772 persequetur
1028 2720 1071 2759 B
1117 2716 1140 2774 ss
1186 2720 1362 2773 nephas
1393 2723 1435 2762 P
1478 2718 1499 2775 [l
1548 2723 1603 2763 20
1635 2734 1738 2762 cum

0 2786 3 2790 ’
37 2792 52 2814 ’τ
117 2781 278 2833 scripsi
314 2792 415 2820 eum
452 2779 493 2818 P
533 2790 633 2818 eam
664 2776 706 2816 B
743 2773 763 2829 11
808 2778 863 2817 22
894 2777 944 2816 in
974 2778 1074 2817 add.
1111 2778 1155 2817 V
1197 2776 1217 2830 ΙΙ
1264 2778 1580 2831 appelicatum
1610 2777 1652 2817 B
1700 2774 1719 2832 Η

119 2835 499 2947 ἷῖαῐιεὶἱῇηταωῐῐι
531 2834 572 2874 Β
601 2830 619 2887 Η
646 2835 700 2874 23
734 2836 779 2873 et
806 2846 889 2885 pro
923 2845 1026 2874 eam
1056 2832 1097 2872 B
1124 2830 1142 2886 ΙΙ
1171 2836 1226 2874 24
1256 2833 1456 2876 humeris
1487 2836 1529 2875 P
1562 2831 1585 2889 Π
1622 2834 1736 2876 duas

153 2893 261 2933 eleuz'

251 780 427 847 <Hanc
456 778 700 830 Hesiodus
727 777 843 827 dicit
873 776 1112 842 Lycaonis
1138 775 1287 824 filiam
1325 775 1376 824 in
1406 774 1613 825 Arcadia
1642 788 1722 823 so·
1747 790 1806 830 38
1814 787 1859 831 Β
