1982 3230
763 90 949 132 mens
978 90 1113 132 vnn
1640 85 1747 139 333

133 233 196 282 tis
213 231 452 282 adsistere
478 231 584 281 esed
607 232 839 294 quoniam
861 230 937 279 his
958 229 1238 280 mortalium
1266 244 1434 279 rerum
1456 244 1572 279 cura
1587 234 1771 290 terre·-

135 317 423 369 nurumque
444 301 660 351 sollertia
688 307 762 350 est
787 310 878 350 nec
906 316 1015 350 cum
1044 300 1245 350 aethere
1307 301 1534 366 uicquam
1564 299 1774 379 babenq

0 398 44 435 -,
134 373 426 438 superisque
445 371 659 428 confine,
689 386 788 420 non
817 372 1102 434 incongrue,
1131 372 1170 419 si
1198 370 1308 420 fast
1345 365 1741 434 io'Te‘s'p‘uuntur,

40 494 47 504 ,
137 444 187 493 in
212 447 385 493 senatu
411 440 596 491 caelico
638 441 917 491 reticebunt
951 441 1012 490 ab
1039 443 1144 505 ipsa
1182 441 1414 506 deinceps
1442 442 1635 504 uirgine
1664 455 1746 489 ex-

39 542 41 545 f
91 525 116 560 s
142 511 410 578 plorandae
460 511 741 565 discussius,
832 527 930 561 una
973 526 1095 560 uero
1149 526 1273 575 quae
1315 507 1568 576 potissima
1613 510 1743 560 caeli

41 610 48 617 ·
124 582 452 647 siderumque
478 581 673 632 dilectio
700 589 794 636 est,
822 582 1058 631 examinis
1094 581 1238 630 huius
1263 588 1363 630 tam
1400 582 1571 630 fauore
1599 596 1746 646 quam

135 651 388 716 uoluptate
441 653 729 718 disquiritur
779 652 972 717 tuisque
1018 651 1366 715 conspectibus
1424 667 1524 700 non
1566 653 1750 715 poterit

137 724 244 774 sine
284 721 473 772 scelere
516 723 726 772 uiduari.
799 723 885 771 sed
929 722 1045 771 illud
1081 723 1426 792 prae-cunctis
1458 723 1742 795 Q
1775 738 1860 777 892

137 791 311 851 uelim,
358 793 490 857 quod
527 793 653 842 dotis
687 792 969 842 offerendae
1016 787 1442 858 cumulandaeque
1490 793 1749 857 reciproco

73 879 116 913 ιο
139 862 256 913 alias
290 863 522 929 <aduexit
556 865 763 927 uirginis
801 870 958 913 mater
984 863 1199 928 puellaS,
1229 878 1349 929 quas
1386 862 1633 927 opulentis
1662 878 1744 912 co-

137 940 372 984 ornatura
423 933 712 984 muneribus
762 935 984 984 examine
1034 935 1127 983 isto
1180 933 1440 998 explorare
1485 934 1751 983 constituit.

137 1005 231 1054 hae
266 1006 414 1068 igitur
447 1004 538 1054 n'ec
565 1005 786 1070 dispares
823 1019 1031 1054 numero
1066 1019 1158 1054 nec
1184 1005 1441 1068 disgregae
1469 1010 1749 1062 uenustate,

141 1075 430 1126 eruditionis
457 1076 601 1124 etiam
630 1076 864 1138 dignitate
900 1077 1069 1139 paucis
1095 1075 1390 1125 adstantium
1418 1075 1750 1124 conferendae

142 1147 190 1196 in
227 1145 563 1210 penetralibus
598 1160 793 1211 quoque
833 1147 1036 1210 uirginis
1080 1148 1383 1211 secretisque
1421 1145 1751 1195 sanctioribus
1762 1172 1802 1217 χ

77 1230 120 1264 15
143 1216 419 1266 alumnatae
446 1231 543 1280 quo
571 1216 685 1264 odio
713 1216 1026 1282 quibusque>
1048 1216 1234 1266 deliciis
1261 1232 1317 1265 ac
1348 1230 1554 1280 prorsus
1580 1216 1753 1266 enerui
1773 1224 1913 1265 3036

141 1285 447 1336 mollitudine
483 1285 704 1336 sideralis
744 1288 910 1336 curiae
946 1292 1287 1343 transeuntur,
1326 1285 1523 1336 louialis
1568 1288 1751 1350 uigoris

141 1358 393 1407 maiestate
420 1358 743 1421 percensae‘?'
795 1357 873 1406 hic
900 1357 1152 1406 Tritonida
1182 1358 1392 1422 ‘atquin'
1421 1358 1485 1405 ait
1511 1358 1753 1420 ‘uirgines
1785 1365 1868 1406 893

140 1441 265 1493 quas
289 1427 557 1480 Phronesis
586 1427 816 1477 educauit
842 1442 1077 1492 superum
1104 1427 1466 1477 incessabiliter
1492 1434 1752 1492 pectorum

34 1540 35 1543 ,
141 1512 321 1547 arcana
347 1503 614 1547 tenuerunt
639 1513 732 1547 nec
758 1499 848 1547 fuit
874 1505 1097 1547 uestrum
1125 1500 1382 1562 quisquam
1411 1499 1495 1561 qui
1534 1513 1633 1547 non
1660 1497 1754 1547 illis
1832 1550 1836 1553 ,
1917 1547 1920 1550 ,
1963 1544 1966 1546 .

74 1567 410 1618 souoluntatis
445 1567 639 1618 abditae
674 1570 1114 1637 interpretamenta
1153 1570 1468 1618 commiserit.
1542 1569 1754 1634 denique
1833 1568 1841 1578 “’
1957 1588 1967 1598 ·

0 1628 43 1716 ‘f
145 1654 206 1688 ex
230 1639 307 1688 his
333 1653 478 1703 quam
500 1637 667 1703 plures
694 1640 979 1688 antistitium
1010 1640 1263 1704 professae
1291 1639 1476 1697 diuum,
1505 1655 1562 1689 ac
1589 1641 1638 1688 ni
1664 1654 1756 1705 per

143 1707 251 1758 illas
277 1708 414 1758 nefas
439 1710 490 1757 in
524 1710 672 1759 terris
698 1710 878 1759 sanctis
911 1697 1067 1759 libare
1103 1709 1413 1766 numinibuS,
1443 1716 1576 1759 certe
1614 1709 1755 1759 litare

146 1780 341 1844 penitus
367 1779 680 1843 abnegatum.
759 1795 931 1829 uerum
960 1787 1238 1830 transactae
1275 1782 1495 1844 uirgines
1521 1796 1608 1830 eru
1647 1781 1755 1830 itio-

147 1851 225 1898 nis
261 1855 422 1899 castae
454 1851 748 1915 praestitere
774 1850 1034 1907 miracula,
1071 1851 1162 1901 bae
1190 1851 1534 1902 familiaritatis
1559 1857 1757 1901 uestrae

45 1984 48 1988 Δ
79 1933 125 1967 25
148 1921 436 1985 praeferunt
452 1921 760 1970 documenta.
803 1936 915 1971 nam
938 1923 1068 1971 inter
1089 1922 1254 1971 diuina
1275 1921 1589 1986 humanaque
1611 1922 1757 1971 disci-

149 1991 225 2041 dia
248 1990 378 2041 solae
399 2006 596 2056 semper
616 1993 954 2060 interiunxere
980 1991 1257 2059 conloquia.
1296 1993 1754 2057 hasigituringres-
1787 2002 1872 2044 894

149 2077 227 2112 sas
247 2064 524 2125 agnoscetis
547 2061 915 2128 probabitisque
937 2062 1074 2113 diui?
1122 2077 1247 2127 quae
1269 2063 1385 2113 dum
1399 2062 1561 2130 Delius
1573 2063 1759 2113 Pallas-

151 2147 246 2197 que
270 2132 583 2185 dissererent.
604 2148 773 2183 earum
799 2134 1050 2199 disquisita
1087 2133 1344 2184 uocabula.
1384 2141 1503 2184 tunc
1523 2135 1754 2185 Phoebus

20 2265 27 2273 Γ
63 2268 68 2274 Ι
150 2202 488 2254 ‘Genethliace
510 2204 669 2268 prior'
692 2205 852 2269 inquit
878 2203 1086 2262 ‘astabit
1117 2219 1242 2269 quae
1271 2205 1476 2255 rationis
1506 2205 1755 2256 aetheriae

264 2346 289 2385 2
329 2343 573 2397 quidquam
602 2342 702 2385 B¹R
762 2341 782 2400 ΙΙ
838 2347 866 2386 4
904 2349 1162 2398 senatuque
1194 2360 1218 2385 r
1274 2343 1293 2399 ΙΙ
1350 2347 1612 2388 reticebant
1649 2361 1672 2387 r
1720 2345 1740 2401 ΙΙ

154 2400 207 2441 10
236 2400 443 2452 uirgines
464 2401 504 2440 D
530 2397 550 2454 Η
585 2406 862 2442 coornatura
883 2403 1043 2455 scripsi
1062 2403 1306 2443 conlatura
1332 2402 1488 2455 (atura
1510 2406 1559 2444 in
1579 2403 1688 2456 ras.)
1714 2404 1755 2444 B

150 2454 172 2497 l
200 2458 275 2496 tas
306 2457 408 2496 add.
439 2456 463 2496 b
502 2455 787 2499 collocatura
817 2459 858 2498 D
896 2455 917 2512 ΙΙ
964 2460 1015 2499 12
1046 2471 1137 2500 non
1167 2458 1375 2512 dispares
1396 2459 1499 2500 B¹D
1538 2457 1557 2513 Η
1609 2462 1661 2501 14
1691 2473 1761 2501 se-

152 2512 381 2564 cretisque
421 2513 730 2553 sanctioribus
766 2528 797 2566 p
846 2515 1043 2556 secretis
1088 2516 1397 2557 sanctioribus
1448 2517 1486 2557 R
1535 2518 1758 2558 secretio-

152 2567 279 2608 ribus
311 2569 349 2608 D
396 2564 416 2622 Η
468 2569 519 2609 15
561 2580 648 2620 quo
685 2571 844 2622 scripsi
879 2583 1075 2624 quamne
1114 2574 1158 2612 m·
1189 2573 1324 2622 fallor
1352 2572 1394 2613 B
1432 2585 1579 2625 quone
1612 2574 1679 2614 bD
1720 2570 1741 2629 [1

155 2625 208 2664 16
239 2625 369 2665 curia
400 2623 501 2664 B¹R
547 2621 567 2678 {l
613 2624 916 2666 franseantur
945 2627 968 2667 b
1017 2623 1036 2679 ΙΙ
1087 2629 1137 2669 18
1169 2629 1366 2670 fronesis
1395 2628 1477 2670 BR
1521 2626 1541 2684 Η
1600 2631 1652 2671 19
1685 2643 1761 2670 ar-

155 2680 306 2721 chana
337 2681 374 2721 R
412 2678 431 2735 ΙΙ
470 2683 525 2722 20
557 2682 860 2723 commisserit
890 2681 989 2723 B¹R
1027 2681 1048 2738 Η
1085 2686 1136 2724 21
1172 2686 1450 2725 antistitium
1472 2685 1531 2725 Βι
1564 2687 1757 2728 antesti-

153 2736 265 2777 tiam
297 2737 335 2778 R
372 2734 391 2791 ΙΙ
438 2739 491 2778 22
523 2737 691 2778 librare
727 2737 781 2777 Β1
824 2739 1024 2780 liberare
1057 2741 1094 2781 R
1132 2737 1152 2794 [Ι
1198 2743 1252 2783 23
1285 2741 1554 2783 eroditionis
1585 2741 1685 2784 B'R
1723 2740 1743 2798 ΙΙ

153 2793 209 2832 24
239 2805 405 2834 cascae
437 2807 552 2837 corr.
573 2797 616 2834 in
648 2798 836 2836 caustae
860 2795 901 2835 B
931 2795 952 2837 1
974 2809 1001 2836 a
1032 2798 1131 2840 add.
1154 2798 1178 2838 b
1218 2795 1236 2852 ΙΙ
1275 2798 1392 2839 haec
1415 2797 1471 2838 B¹
1513 2795 1532 2853 [Ι
1570 2800 1626 2839 27
1656 2813 1758 2852 pro-

154 2848 365 2901 batisque
388 2848 487 2891 B¹R
524 2847 544 2904 Η
584 2851 812 2902 quaedam
835 2851 876 2891 B
907 2864 1023 2905 quae
1047 2866 1146 2894 cum
1177 2854 1200 2894 b
1240 2852 1259 2907 ΙΙ
1298 2857 1352 2897 28
1385 2856 1628 2907 generiaee
1652 2858 1689 2898 R
1723 2853 1743 2910 ΙΙ
