1982 3230
343 121 412 174 18
819 118 1119 160 MARTIANI
1149 118 1468 160 CAPELLAE

349 270 491 328 garet
516 261 904 326 praesertimque
939 275 1051 309 cum
1084 260 1176 325 ipsi
1200 259 1499 325 Philologiae
1534 260 1718 312 fuerint
1751 276 1974 328 semper·

349 332 602 383 inimicae?
639 331 700 380 de
730 329 899 380 eadem
926 330 1074 395 igitur
1099 331 1301 395 regione
1326 330 1459 380 solus
1483 330 1677 390 Pluton,
1705 332 1836 397 quod
1861 348 1946 399 pa-

266 413 322 452 48
351 411 491 454 truus
525 402 694 466 sponsi
721 407 818 456 est,
847 406 1164 450 conuocatur.
1229 408 1349 451 tunc
1374 401 1532 466 Lynsa
1558 401 1799 452 siluestris
1823 402 1946 453 Mul-

352 474 489 524 ciber
515 473 609 521 Lar
647 470 868 521 caelestis
903 485 996 521 nec
1030 486 1131 520 non
1168 472 1313 522 etiam
1348 471 1569 522 militaris
1593 473 1853 538 Fauorque
1887 489 1948 523 ex

264 554 319 594 49
350 550 522 609 quarta
548 544 750 606 regione
775 548 1034 592 uenerunt.
1096 549 1423 607 corrogantur
1448 559 1506 594 ex
1540 545 1761 608 proxima
1785 549 1945 593 trans·
1967 556 1982 590 ε

348 615 504 664 cursis
525 612 753 663 domibus
771 614 1033 677 coniugum
1059 626 1232 676 regum
1252 613 1400 664 Ceres
1420 613 1646 663 Tellurus
1666 613 1948 680 Terraeque

264 695 318 734 50
347 692 487 750 pater
513 683 759 733 Vulcanus
786 690 834 732 et
853 684 1050 734 Genius.
1114 699 1205 733 uos
1231 699 1426 749 quoque
1457 684 1586 733 Iouis
1618 683 1704 733 filii
1728 683 1868 735 Pales
1899 690 1950 734 et

348 757 511 806 Fauor
538 770 647 804 cum
677 752 933 803 Celeritate
960 752 1085 803 Solis
1117 753 1213 803 filia
1242 770 1299 804 ex
1335 760 1469 804 sexta
1504 755 1777 818 poscimini.
1834 769 1947 804 nam

263 837 314 874 51
348 827 478 877 Mars
515 823 748 881 Quirinus
784 830 831 874 et
866 824 1050 874 Genius
1093 826 1321 889 superius
1354 824 1600 890 postulati.
1681 825 1767 875 sed
1803 826 1949 875 etiam

348 896 494 947 Liber
521 911 577 945 ac
601 894 921 945 Secundanus
939 894 1080 945 Pales
1105 902 1347 945 uocantur
1369 912 1428 946 ex
1448 897 1667 960 septima.
1703 895 1947 945 Fraudem
1971 911 1982 940 1

351 969 532 1032 quippe
559 982 618 1015 ex
646 966 816 1016 eadem
842 971 953 1029 post
975 965 1171 1030 longam
1192 965 1633 1031 <deliberationem
1658 965 1840 1031 placuit
1863 965 1947 1015 ad-

266 1048 318 1086 52
350 1038 534 1093 hiberi,
564 1037 692 1101 quod
721 1036 899 1086 crebro
934 1037 1026 1100 ipsi
1053 1035 1268 1101 Cyllenio
1294 1036 1442 1087 fuerit
1467 1036 1714 1086 obsecuta.
1777 1043 1950 1086 octaua

350 1124 470 1158 uero
516 1108 897 1164 transcurritur,
936 1108 1165 1171 quoniam
1214 1123 1272 1156 ex
1312 1107 1481 1156 eadem
1518 1107 1681 1156 cuncti
1724 1107 1951 1171 superius

266 1190 319 1228 53
352 1180 596 1243 corrogati
623 1177 853 1242 solusque
880 1193 939 1227 ex
965 1177 1043 1226 illa
1063 1176 1200 1227 Veris
1227 1177 1415 1227 fructus
1441 1177 1713 1227 adhibetur.
1751 1176 1951 1226 Iunonis

265 1259 318 1298 54
349 1265 470 1299 uero
517 1249 738 1313 Sospitae
775 1249 946 1312 genius
990 1248 1174 1296 accitus
1211 1263 1269 1297 ex
1305 1263 1450 1297 nona.
1527 1248 1752 1312 Neptune
1787 1253 1982 1297 autem1

350 1326 398 1369 et
422 1320 518 1368 Lar
545 1320 763 1367 omnium
801 1317 1034 1367 cunctalis
1060 1332 1115 1367 ac
1141 1317 1372 1367 Neuerita
1410 1324 1558 1383 tuque
1585 1318 1743 1368 Conse
1779 1333 1839 1368 ex
1865 1317 1947 1367 de-

267 1398 320 1438 55
353 1391 476 1439 cima
522 1390 837 1438 conuenistiS.
924 1389 1059 1437 uenit
1103 1403 1161 1437 ex
1207 1387 1357 1437 altera
1394 1388 1610 1438 Fortuna
1645 1395 1694 1438 et
1726 1387 1948 1438 Valitudo

350 1460 542 1510 Pauore
578 1458 771 1508 Pallore
807 1466 853 1508 et
890 1457 1113 1508 Manibus
1147 1458 1396 1515 refutatis,
1443 1459 1624 1523 quippe
1660 1458 1713 1507 hi
1746 1459 1795 1506 in
1833 1471 1949 1507 con·

265 1539 320 1579 56
350 1536 571 1594 spectum
598 1529 729 1579 Iouis
753 1544 853 1578 non
880 1534 1107 1594 poterant
1130 1529 1378 1579 aduenire.
1433 1544 1492 1578 ex
1518 1528 1803 1578 duodecima
1830 1527 1950 1578 San·

352 1615 438 1650 cus
462 1606 649 1650 tantum
673 1600 819 1665 modo
846 1606 1097 1649 euocatur.
1147 1599 1263 1648 Fata
1289 1614 1411 1649 uero
1439 1614 1497 1648 ex
1523 1599 1673 1649 altera
1699 1598 1949 1664 postulan·
1971 1612 1982 1643 ε

182 1682 235 1722 57
268 1680 321 1720 58
352 1678 447 1720 tur.
509 1672 660 1720 ceteri
686 1671 866 1735 quippe
902 1669 999 1719 illic
1025 1670 1073 1718 di
1099 1669 1309 1719 Manium
1347 1669 1599 1719 demorati.
1653 1685 1713 1719 ex
1740 1669 1816 1718 his
1841 1676 1948 1733 S,ep·'

352 1748 465 1792 tena
492 1741 732 1791 Saturnus
769 1742 969 1804 eiusque
1004 1738 1226 1790 caelestis
1252 1741 1373 1789 luno
1408 1746 1766 1805 consequenter
1792 1739 1947 1789 acciti.

188 1821 282 1862 176
298 1812 550 1862 59Veiouis
585 1827 641 1861 ac
681 1811 728 1860 di
772 1810 956 1876 publici
1002 1817 1078 1860 ter
1114 1812 1262 1875 quino
1301 1826 1358 1860 ex
1397 1809 1547 1860 limite
1593 1815 1947 1860 conuocantur.

267 1893 323 1931 60
353 1899 411 1933 ex
445 1881 612 1932 ultima
636 1883 839 1946 regione
866 1881 1145 1931 Nocturnus
1170 1881 1505 1945 Ianitoresque
1528 1886 1791 1932 terrestres
1815 1880 1949 1930 simi—

268 1963 319 2001 61
352 1953 465 2003 liter
486 1953 726 2004 aduocati.
779 1968 839 2001 ex
859 1952 1050 2000 cunctis
1075 1951 1221 2015 igitur
1241 1951 1363 2001 caeli
1388 1951 1670 2016 regionibus
1696 1950 1947 2000 aduocatis
1969 1965 1982 1996 ε

353 2024 456 2073 deis
492 2024 667 2080 ceteri,
707 2036 830 2085 quos
863 2024 1055 2071 Azonos
1087 2027 1293 2078 uocant,
1328 2023 1436 2085 ipso
1472 2027 1817 2071 commonente
1843 2019 1949 2086 Cyl-

268 2103 323 2143 62
351 2093 482 2144 lenio
524 2098 875 2142 conuocantur.
949 2098 1067 2140 tunc
1111 2090 1467 2141 elementorum
1493 2091 1782 2157 praesules>
1806 2095 1951 2155 atque

351 2163 570 2214 utilitatis
595 2161 820 2227 publicae
847 2162 1179 2225 mentiumque
1205 2160 1416 2211 cultores
1451 2163 1706 2226 omnisque
1740 2159 1951 2226 populus

354 2240 675 2298 potestatum,
713 2235 798 2298 qui
823 2234 1011 2283 Numae
1037 2230 1158 2281 nulli
1183 2232 1455 2281 successori
1489 2232 1769 2281 indicantur
1798 2230 1948 2298 [qui]‚

357 2304 612 2355 confestim
648 2318 819 2354 omnes
844 2303 973 2353 Iouis
1007 2302 1215 2366 imperio
1257 2303 1536 2359 conuocati,
1573 2303 1624 2350 in
1651 2301 1811 2352 aulam
1838 2316 1982 2352 cae-z

470 2463 492 2500 1
524 2463 617 2500 tum
638 2460 675 2500 R
713 2455 732 2512 ΙΙ
770 2460 795 2499 3
826 2456 1034 2510 Lympha
1056 2457 1225 2498 Grotius
1264 2454 1272 2511 [
1320 2459 1347 2497 4
1378 2461 1424 2498 et
1451 2457 1695 2498 familiaris
1719 2457 1889 2497 Grotius·
1909 2452 1933 2509 H

357 2518 582 2568 faborque
610 2515 691 2556 BR
739 2511 758 2568 Η
805 2516 830 2555 9
869 2513 948 2554 sed
978 2513 1027 2553 br
1058 2515 1124 2554 sic
1145 2512 1227 2553 BR
1285 2510 1294 2567 Ι
1343 2516 1395 2554 10
1432 2515 1627 2566 septima
1658 2513 1681 2553 b
1724 2512 1950 2566 septimae

356 2574 439 2614 BR
485 2570 505 2627 ΙΙ
555 2573 607 2612 15
651 2572 850 2625 Sospitae
874 2570 1042 2610 Grotius
1070 2570 1283 2622 hospitae
1302 2570 1384 2610 BR
1431 2567 1450 2624 Η
1500 2571 1551 2610 16
1591 2574 1638 2609 et
1667 2583 1742 2610 om.
1763 2567 1867 2608 B¹D
1912 2564 1933 2622 ΙΙ

358 2633 400 2670 in
422 2628 650 2670 cunetalis
671 2631 805 2669 latere
825 2627 992 2667 uidetur
1023 2637 1123 2665 cum
1144 2640 1231 2666 cum
1252 2628 1412 2668 nomine
1433 2628 1504 2667 dei
1521 2628 1694 2666 alicuius
1721 2622 1742 2679 fl
1778 2626 1951 2666 Nerina

362 2686 532 2727 Grotius
560 2686 640 2726 sed
664 2685 720 2736 cf.
743 2685 875 2724 Prell.
903 2682 1027 2733 myth.
1050 2682 1099 2724 R.
1117 2696 1162 2734 p.
1185 2684 1271 2722 503
1320 2679 1338 2736 [Ι
1388 2694 1525 2723 conse
1554 2681 1638 2720 BD
1679 2693 1807 2722 cosse
1839 2681 1862 2721 b
1912 2678 1934 2735 ΙΙ
1979 2699 1982 2703 ·

361 2743 413 2783 18
460 2741 683 2794 faborque
722 2743 878 2793 pastor
914 2738 999 2778 BD
1026 2751 1157 2783 ‚eor-r.
1193 2737 1239 2777 O.
1272 2739 1480 2779 Malterus
1515 2744 1614 2789 post
1645 2737 1871 2790 Gyratdum
1906 2743 1951 2777 et

362 2798 547 2838 Grotium
581 2794 603 2851 [Ι
642 2796 758 2837 hiiB
795 2794 815 2850 Η
853 2798 904 2836 21
930 2807 983 2834 ex
1003 2792 1202 2835 om.BD1
1242 2792 1260 2847 Η
1299 2797 1350 2835 21
1374 2799 1416 2835 et
1438 2796 1491 2835 23
1522 2793 1586 2833 dii
1606 2793 1690 2833 BD
1726 2789 1749 2847 fl
1784 2794 1839 2834 29
1871 2793 1948 2845 qui

357 2853 534 2893 Numae
566 2853 681 2894 nulli
712 2852 962 2893 successori
992 2850 1253 2891 indicantur
1281 2852 1438 2903 scripsi
1466 2850 1566 2902 quis
1586 2849 1759 2890 Numae
1781 2848 1952 2890 multus

358 2920 597 2949 successor
626 2908 859 2949 indicatur
889 2907 966 2959 qui
996 2906 1076 2947 BR
1106 2906 1200 2958 (sed
1227 2906 1401 2947 indicat
1430 2906 1483 2958 R)
1533 2903 1554 2959 [l
1601 2905 1678 2957 qui
1707 2906 1820 2946 delui
1863 2902 1887 2960 ss
