1982 3230
711 165 899 207 LIBER
929 165 952 206 1
1583 160 1647 213 17

38 313 218 377 cipitur
243 325 334 376 pro
368 323 456 358 suo
484 308 654 357 ordine
681 323 738 357 ac
763 308 883 357 ratis
907 306 1066 356 modis
1092 304 1350 356 caelicolas
1376 304 1645 360 aduncare,

37 383 399 448 praecipueque
436 385 687 429 senatores
723 378 954 434 deorum,
998 379 1082 441 qui
1120 381 1322 440 penates
1356 374 1647 426 ferebantur

39 453 275 504 Tonantis
331 451 483 516 ipsius
526 464 839 514 quorumque
882 449 1081 498 nomina
1117 448 1348 513 quoniam
1405 445 1648 511 publicari

40 531 286 574 secretum
313 515 520 571 caeleste
546 535 644 569 non
670 518 894 584 pertulit,
934 534 991 568 ex
1022 534 1079 567 eo
1109 517 1239 582 quod
1274 519 1435 566 omnia
1464 519 1649 582 pariter

0 607 20 640 5
41 594 410 660 repromittunt,
440 606 620 640 nomen
647 593 715 640 eis
743 590 1066 639 consensione
1099 590 1323 654 perfecit.
1378 587 1647 638 Vulcanum
1680 598 1734 636 42

41 679 162 716 uero
195 662 427 713 Iouialem
462 664 565 727 ipse
591 662 810 727 luppiter
835 661 1018 725 poscit,
1045 659 1161 709 licet
1186 673 1453 724 numquam
1480 658 1560 708 ille
1588 659 1648 708 de

40 734 156 785 sede
182 749 388 784 corusca
415 732 748 783 descenderet.
810 738 928 780 tunc
968 732 1115 780 etiam
1150 737 1204 779 ut
1238 731 1367 779 inter
1403 729 1524 778 alios
1560 744 1650 793 po-

41 806 214 856 tissimi
239 810 536 869 rogarentur
561 804 718 867 ipsius
753 801 970 866 collegae
995 801 1153 859 Iouis,
1182 801 1268 866 qui
1303 800 1380 849 bis
1404 802 1507 850 seni
1537 815 1650 850 cum

41 876 214 927 eodem
260 875 481 924 Tonante
541 880 862 923 numerantur
911 888 1133 937 quosque
1192 871 1451 921 distichum
1516 886 1649 920 com-

0 961 21 994 o
41 946 270 1014 plectitur
297 946 572 995 Ennianum

110 1012 232 1068 Iuno
271 1018 414 1067 Vesta
454 1016 674 1066 Minerua
715 1015 965 1078 Ceresque
1004 1015 1157 1063 Diana
1197 1014 1362 1063 Venus
1402 1014 1532 1063 Mars

112 1086 423 1153 Mercurius>
459 1086 590 1136 Iouis
628 1085 885 1149 Neptunus
923 1084 1168 1133 Vulcanus
1205 1083 1377 1148 Apollo

43 1159 158 1208 item
184 1163 233 1207 et
257 1164 445 1221 septem
471 1155 671 1213 residui,
700 1157 783 1220 qui
807 1157 937 1205 inter
963 1156 1222 1204 duodecim
1258 1170 1359 1204 non
1386 1163 1643 1204 uocantur.
1681 1155 1738 1195 43

45 1234 157 1293 post
181 1228 271 1278 hos
297 1243 443 1292 quam
477 1226 670 1292 plureS,
699 1225 784 1276 alti
809 1241 901 1291 pro
929 1227 1029 1275 suis
1063 1224 1323 1288 gradibuS‚
1364 1225 1563 1275 caelites
1595 1241 1652 1275 ac

8 1299 253 1349 sdeorum
289 1299 507 1348 omnium
545 1295 756 1361 populus
802 1296 985 1361 absque
1021 1296 1651 1359 inpertinentibusconuo-

46 1367 203 1420 candi.
263 1384 356 1418 nec
380 1383 519 1418 mora
546 1367 723 1417 milites
748 1368 877 1416 Iouis
904 1382 994 1431 per
1021 1366 1242 1416 diuersas
1268 1366 1392 1416 caeli
1425 1368 1657 1430 regiones
1686 1367 1742 1407 44

46 1447 393 1505 approperant,
422 1439 606 1503 quippe
631 1437 855 1488 discretis
882 1436 1146 1504 plurimum
1174 1436 1295 1487 locis
1321 1437 1529 1488 deorum
1556 1440 1654 1487 sin-

42 1508 146 1574 guli
179 1508 507 1559 mansitabant
533 1514 580 1558 et
605 1507 721 1560 licet
752 1523 844 1573 per
870 1507 1130 1558 Zodiacum
1157 1513 1367 1558 tractum
1405 1523 1504 1558 non
1533 1508 1656 1559 nulli

46 1579 264 1645 singulas
289 1579 369 1630 uel
395 1579 537 1629 binas
563 1579 736 1629 domos
772 1578 1064 1629 animalibus
1090 1578 1345 1637 titularint,
1374 1580 1423 1628 in
1454 1580 1558 1629 aliis
1582 1588 1655 1629 ta-
1686 1622 1743 1662 45

6 1670 25 1698 ι»
47 1665 160 1701 men
187 1650 490 1700 habitaculis,
518 1649 912 1700 commanebant.
984 1665 1098 1699 nam
1130 1651 1178 1699 in
1200 1650 1417 1701 sedecim
1444 1647 1657 1701 discerni
1689 1681 1742 1718 16
1761 1677 1798 1718 G

48 1722 225 1772 dicitur
260 1721 451 1772 caelum
487 1737 634 1771 omne
662 1722 909 1785 regiones,
981 1722 1034 1769 in
1071 1736 1279 1786 quarum
1316 1723 1477 1786 prima
1513 1722 1656 1771 sedes

49 1791 232 1843 habere
253 1799 589 1842 memorantur
609 1799 721 1857 post
739 1793 900 1855 ipsum
917 1791 1085 1840 Iouem
1105 1791 1153 1840 di
1167 1790 1437 1841 Consentes
1448 1793 1656 1842 Penates

49 1862 190 1913 Salus
202 1878 258 1912 ac
269 1862 419 1913 Lares
429 1862 576 1912 Ianus
587 1862 806 1911 Fauores
816 1862 1101 1925 Operi-anei·
1118 1857 1440 1930 [Nocturnus]
1455 1879 1567 1928 que.
1607 1865 1657 1912 in
1686 1871 1743 1910 46
1762 1881 1766 1887 Δ

51 1932 266 1990 secunda
284 1933 454 1982 itidem
478 1932 807 1982 mansitabant
830 1938 1030 1997 praeter
1051 1932 1250 1982 domum
1271 1932 1416 1990 louiS,
1446 1949 1569 1998 quae
1589 1934 1659 1983 ibi

13 2024 30 2047 ·.
54 2017 253 2067 quoque
272 2002 494 2052 sublimis
511 2009 600 2060 est,
625 2001 703 2069 [ut
715 2004 850 2053 estin
863 1998 1110 2072 omnibus]
1125 2003 1410 2053 Praediatus
1424 2004 1658 2062 Quirinus

53 2074 182 2124 Mars
200 2073 345 2138 [Lars
365 2072 625 2139 militaris].
652 2074 774 2123 Iuno
794 2074 938 2123 etiam
958 2071 1340 2124 ibidomicilium
1360 2075 1655 2138 possidebat,

55 2143 184 2194 Fons
211 2144 353 2194 etiam
380 2143 629 2209 Lymphae
663 2144 812 2208 dique
837 2143 1144 2194 Nouensiles,
1208 2145 1293 2194 sed
1322 2144 1383 2195 de
1409 2148 1551 2196 tertia
1578 2161 1655 2197 re—

53 2215 198 2278 gione
232 2229 384 2264 unum
419 2213 602 2278 placuit
639 2215 910 2280 corrugari.
973 2230 1087 2265 nam
1123 2216 1253 2265 Iouis
1290 2216 1570 2267 Secundani
1611 2225 1658 2267 et
1690 2227 1742 2266 47

0 2300 2 2348 ζ
53 2284 180 2335 louis
202 2284 491 2349 Opulentiae
505 2286 856 2350 Mineruaeque
883 2285 1058 2336 domus
1082 2285 1181 2336 illic
1207 2293 1321 2337 sunt
1347 2289 1653 2338 constitutae.

7 2380 14 2397 ‚
53 2355 139 2406 sed
162 2370 333 2405 omnes
353 2356 483 2405 circa
510 2358 668 2421 ipsum
687 2357 854 2407 Iouem
875 2356 1071 2406 fuerant
1089 2358 1138 2406 in
1158 2360 1423 2422 praesenti.
1461 2359 1657 2409 Discor-

54 2425 182 2475 diam
221 2441 343 2476 uero
382 2442 438 2476 ac
469 2427 770 2477 Seditionem
807 2428 915 2491 quis
951 2427 1010 2477 ad
1048 2442 1214 2477 sacras
1250 2430 1448 2493 nuptias
1486 2444 1657 2478 corro-

119 2602 122 2605 Ᾰ
169 2568 193 2607 7
226 2566 451 2608 chorusca.
471 2568 511 2606 D
549 2564 568 2620 Η
609 2568 661 2608 10
691 2581 790 2607 ann.
813 2570 869 2608 63
899 2569 1020 2609 Vakl.
1063 2566 1081 2622 [Ι
1123 2571 1174 2609 12
1205 2570 1251 2609 iu
1287 2571 1407 2623 piter
1437 2570 1518 2610 BR
1546 2583 1660 2610 corr.

67 2624 296 2664 Vulcanius
344 2620 363 2678 Ι]
413 2625 464 2664 13
506 2636 560 2663 ex
591 2623 633 2662 B
680 2620 700 2678 ΙΙ
755 2626 810 2664 20
847 2624 1124 2665 discernitur
1153 2625 1195 2665 B
1243 2623 1251 2679 Ι
1310 2628 1363 2666 22
1404 2625 1467 2666 dii
1497 2626 1578 2666 BR
1638 2623 1644 2678 1

52 2681 110 2720 23
141 2679 328 2721 fabores
348 2678 462 2720 B¹R¹
504 2676 523 2733 ΙΙ
563 2681 803 2732 opertanei
823 2680 873 2720 br
903 2681 1175 2734 obportanei
1196 2682 1237 2721 B
1268 2683 1530 2723 obtertanei
1551 2684 1588 2723 R
1639 2679 1646 2736 Ι

57 2735 320 2777 Nocturnus
350 2738 487 2777 deleui
532 2732 553 2790 ss
601 2739 654 2777 25
692 2740 742 2776 ut
774 2740 843 2778 est
873 2739 920 2777 in
952 2738 1160 2778 omnibus
1190 2740 1329 2778 ἀείραι·
1373 2735 1391 2791 Η
1439 2739 1662 2780 Praebia-

57 2792 132 2832 tas
164 2791 211 2832 Ο.
242 2792 449 2834 Mulier-us
478 2792 649 2835 Etrusc.
682 2793 735 2832 II
762 2807 808 2846 p.
830 2795 912 2833 129
968 2791 987 2846 Η
1045 2796 1098 2834 26
1149 2793 1241 2834 lars
1274 2797 1444 2835 inducta
1472 2807 1492 2835 s
1525 2795 1565 2835 B

59 2846 176 2888 Lars
207 2848 422 2889 militaris
454 2850 591 2889 delent·
638 2846 656 2902 Η
704 2851 757 2890 27
790 2851 848 2889 ad
862 2851 983 2890 Fons
1015 2851 1113 2890 add.
1139 2849 1159 2890 1
1190 2863 1209 2888 1·
1241 2848 1297 2899 (le.
1322 2864 1359 2891 e.
1392 2852 1524 2904 Fors)
1553 2866 1577 2892 r

60 2902 240 2958 lympae
269 2905 308 2945 R
354 2901 374 2959 ΙΙ
429 2904 582 2957 diique
616 2906 695 2946 BR
743 2903 762 2959 Η
809 2907 868 2947 ad
905 2905 1176 2947 Nouensiles
1212 2908 1310 2946 add.
1344 2906 1363 2947 l
1395 2908 1410 2948 i
1441 2909 1491 2954 (h.
1523 2922 1559 2951 e.
1590 2909 1662 2951 Io—

58 2960 281 3013 uensiles)
310 2975 334 3002 r
381 2958 401 3016 Η

150 3056 417 3087 uAnrmxns
440 3057 649 3088 cArELLA
1293 3033 1324 3082 Z
