1982 3230
84 224 90 233 κ
137 196 171 238 Q

339 71 409 124 22
814 76 1116 118 MARTIANI
1142 74 1462 119 CAPELLAE

343 220 506 265 autem
554 215 917 267 diuersicoloris
961 217 1163 268 illustris
1209 216 1462 267 ornatibus
1513 231 1568 294 ὃς
1625 217 1762 267 uaria
1804 215 1941 266 uelut

342 283 541 349 speculo
569 292 776 348 cognato
802 300 1108 350 gemmarum
1135 287 1246 338 luce
1271 287 1593 352 resplendens
1619 285 1940 337 candentibus

257 362 310 402 '¹15
341 353 562 421 serenis>
588 356 773 406 enituit.
809 365 915 407 erat
939 358 1009 408 illi
1028 360 1077 408 in
1104 357 1340 409 circulum
1361 358 1505 408 ducta
1524 355 1717 422 fulgens
1739 371 1938 416 corona,

343 441 469 491 quae
515 425 775 476 duodecim
817 426 1028 479 flammis
1069 431 1337 494 ignitorum
1382 428 1598 493 lapidum
1646 426 1938 492 fulgurabat.

341 497 523 561 quippe
547 502 647 547 tres
683 497 879 549 fuerant
913 515 940 549 a
976 500 1137 551 fronte
1172 514 1394 565 gemmae
1429 498 1638 564 Lychnis
1662 499 1868 548 Astrites
1893 496 1982 549 ets

200 571 313 612 20&
344 567 615 624 CeraunOS,
663 582 788 631 quae
827 570 928 619 eius
970 571 1179 635 effigiem
1223 569 1547 620 reuerendam
1591 584 1619 617 a
1661 569 1942 632 cognitione

342 638 745 701 conspicientium
791 639 1101 691 uibrantibus
1147 641 1399 691 radiorum
1436 638 1708 704 fulgoribus
1746 637 1941 688 occule-

341 707 475 757 bant.
546 723 756 771 quarum
793 709 883 760 alia
920 712 1095 762 Cancri
1138 711 1344 762 cerebro
1380 711 1555 760 Leonis
1598 707 1751 759 oculis
1788 708 1942 759 altera

343 779 662 829 Geminorum
701 779 861 831 fronte
897 790 1146 848 assumpta
1180 784 1323 833 tertia
1360 780 1629 831 dicebatur.
1700 778 1822 830 aliae
1855 794 1942 830 sex

345 865 403 898 ex
445 857 657 913 utroque
706 849 858 902 latere
907 852 1197 911 rutilabant,
1238 867 1446 918 quarum
1483 850 1781 915 Smaragdus
1824 865 1937 906 una,
1961 866 1982 897 1

343 919 534 984 Scythis
559 919 727 978 altera,
764 922 919 987 Iaspis
955 927 1099 974 tertia
1125 923 1411 973 uocabatur.
1461 923 1588 971 inter
1625 935 1834 984 quarum
1867 921 1942 970 ui·

343 1005 508 1039 rorem
534 990 630 1040 feta
665 993 790 1042 mari
829 993 1014 1044 lumina
1053 1009 1317 1044 coruscans
1353 993 1504 1043 fronti
1539 991 1780 1056 quaedam
1813 992 1940 1040 inte-

342 1062 479 1123 grior
514 1063 730 1112 suauitas
763 1064 1128 1129 resplendebat.
1192 1064 1490 1129 Hyacinthos
1514 1062 1772 1112 Dendrites
1797 1061 1966 1110 etiam.

346 1131 670 1196 Heliotropios
715 1136 962 1199 utrimque
1012 1137 1270 1200 compacti.
1339 1135 1423 1200 qui
1463 1132 1649 1196 lapides
1692 1131 1943 1182 coloribus

344 1204 443 1250 suis
469 1209 626 1251 terras
662 1206 780 1254 ratis
815 1212 1098 1270 temporum
1131 1205 1324 1255 uicibus
1361 1203 1710 1259 herbidabant,
1739 1217 1871 1266 quos,
1896 1203 1943 1251 ei
1964 1217 1982 1248 1

343 1273 402 1321 ad
440 1272 728 1337 obsequium
763 1277 975 1326 numinis
1011 1277 1315 1326 recurrentis
1341 1277 1437 1326 Ver
1473 1273 1726 1323 dicebatur
1761 1279 1808 1323 et
1843 1272 1941 1322 Au-

343 1350 543 1393 tumnus
569 1359 776 1395 munere
802 1346 1079 1396 contulisse.
1132 1347 1375 1410 posterior
1401 1351 1564 1395 autem
1590 1358 1705 1407 pars
1731 1357 1944 1393 coronae

346 1413 581 1478 Hydatide
623 1415 891 1466 Adamante
950 1423 1007 1481 etx
1050 1415 1286 1482 Crystallo
1332 1414 1574 1479 lapidibus
1638 1412 1943 1477 alligabatur.

346 1483 435 1532 hos
462 1485 591 1534 enim
617 1485 817 1550 Hiemps
851 1487 1040 1537 undosa
1066 1492 1320 1551 genuerat.
1372 1487 1525 1550 ipsius
1549 1499 1671 1533 uero
1699 1484 1798 1533 diui
1823 1498 1946 1532 auro

262 1561 317 1600 76
349 1556 547 1604 tinctam
583 1558 851 1606 caesariem
887 1573 1148 1623 comasque
1186 1557 1415 1607 crederes
1450 1555 1742 1605 bracteatas,
1818 1552 1942 1614 facie
1965 1566 1982 1600 ε

344 1632 509 1674 autem
534 1641 649 1675 mox
662 1632 716 1675 ut
732 1628 983 1690 ingressus
1004 1635 1076 1678 est
1095 1629 1238 1692 pueri
1262 1626 1546 1683 renidentis,
1568 1627 1764 1675 incessu
1783 1624 1944 1674 medio

343 1697 536 1745 iuuenis
562 1696 748 1754 anheli,
775 1699 827 1747 in
852 1700 949 1748 tine
974 1700 1104 1748 senis
1138 1698 1406 1762 apparebat
1441 1695 1655 1752 occidui,
1682 1694 1797 1745 licet
1823 1694 1943 1744 duo-

346 1766 500 1815 decim
538 1781 637 1815 non
675 1767 822 1818 nullis
857 1769 1041 1819 formas
1077 1775 1367 1818 conuertere
1403 1767 1704 1817 crederetur.
1764 1779 1946 1830 corpus

344 1845 507 1886 autem
529 1837 632 1887 eius
652 1837 933 1890 flammeum
956 1847 1111 1889 totum
1131 1841 1328 1904 pinnata
1350 1838 1554 1901 uestigia
1573 1834 1774 1900 pallium
1788 1836 1944 1885 cocci-

262 1913 314 1953 77
345 1922 492 1956 neum
519 1908 604 1958 sed
631 1924 751 1958 auro
778 1910 989 1973 plurimo
1018 1909 1326 1960 scutulatum.
1385 1910 1579 1957 sinistra
1605 1912 1766 1956 autem
1792 1919 1942 1955 manu
1964 1919 1982 1954 2.

348 1977 572 2042 clypeum
599 1987 956 2035 coruscantem,
987 1980 1187 2030 dextera
1216 1979 1469 2028 ardentem
1495 1979 1653 2027 facem
1688 1977 1938 2041 praefere-

346 2047 451 2104 bat,
491 2048 641 2098 calcei
682 2056 844 2099 autem
882 2049 1063 2100 similes
1101 2066 1158 2099 ex
1194 2050 1401 2113 Pyropo.
1455 2063 1601 2111 quem
1636 2049 1770 2097 iuxta
1806 2046 1946 2096 Luna

458 2219 483 2259 3
524 2219 710 2258 emicuit
747 2219 768 2259 b
837 2217 855 2271 Η
923 2222 949 2259 4
987 2219 1234 2271 ignitorum
1261 2232 1291 2270 p
1342 2218 1599 2269 ignotorum
1629 2215 1709 2255 BR
1771 2211 1791 2267 Η
1857 2213 1946 2254 ful-

347 2275 542 2328 gorabat
570 2275 650 2315 BR
698 2272 715 2329 Η
765 2277 789 2315 ὃ
828 2275 993 2315 lichnis
1027 2276 1063 2315 R
1111 2272 1128 2328 Η
1178 2277 1201 2314 7
1241 2275 1476 2313 uibrantes
1507 2273 1548 2311 B
1596 2269 1614 2326 Η
1663 2274 1687 2312 9
1727 2270 1945 2311 diceban-

346 2336 418 2371 tur
438 2331 475 2372 R
511 2328 531 2385 Η
567 2345 649 2383 pro
679 2344 757 2371 sex
786 2333 931 2371 sedin
952 2345 1037 2375 ras.
1063 2332 1202 2370 etiam
1233 2343 1288 2370 ex
1308 2330 1349 2369 B
1395 2326 1414 2383 Η
1465 2331 1516 2370 10
1547 2327 1810 2380 smaragdos
1829 2326 1871 2366 B
1906 2323 1931 2381 Η

348 2389 399 2427 12
431 2387 560 2428 foeta
581 2387 621 2427 B
653 2387 771 2428 freta
792 2389 829 2427 R
868 2384 887 2442 Η
924 2401 1005 2441 per
1023 2389 1067 2427 in
1089 2387 1124 2427 R
1146 2393 1242 2427 ante
1263 2386 1435 2426 lumina
1458 2387 1540 2437 leyz'
1557 2386 1668 2435 falso
1691 2385 1802 2424 dixit
1823 2383 1945 2436 Kop-

343 2446 444 2496 pz'us
489 2441 508 2497 Η
558 2457 802 2485 coruscans
823 2444 904 2483 BR
934 2458 1046 2485 corr.
1081 2443 1250 2483 Grotius
1298 2439 1316 2496 Η
1366 2442 1506 2482 fronti
1534 2442 1557 2481 b
1596 2440 1716 2481 fonti
1735 2439 1816 2480 BR
1845 2439 1946 2480 fon·

346 2502 408 2540 tis
431 2514 455 2539 r
493 2498 512 2554 Η
549 2501 771 2553 integrior
789 2502 945 2552 scripsi
975 2500 1205 2539 interioris
1227 2499 1307 2539 BR
1334 2495 1352 2552 Η
1384 2500 1434 2539 13
1465 2496 1824 2550 resplendebant
1843 2495 1883 2536 R
1908 2491 1928 2549 Η

347 2558 586 2608 yacinctos
607 2556 688 2597 BR
738 2554 744 2610 Ι
783 2556 1023 2597 dendrides
1044 2556 1082 2595 R
1118 2552 1137 2610 Η
1178 2557 1229 2594 14
1260 2554 1523 2606 eliotropios
1543 2553 1624 2593 BR
1660 2549 1678 2606 Η
1719 2551 1946 2605 copactib

354 2615 550 2666 copactu
579 2612 659 2653 BR
713 2610 721 2667 l
792 2614 844 2654 18
882 2612 1061 2666 ydatite
1090 2611 1132 2651 B
1170 2611 1385 2663 ydatidae
1415 2611 1452 2651 R
1500 2607 1521 2663 Η
1569 2608 1797 2661 alligabat
1824 2608 1863 2647 R
1908 2604 1929 2661 Η

351 2671 406 2709 20
435 2669 695 2710 bratteatas
717 2669 797 2710 BR
844 2666 864 2722 Η
911 2671 963 2709 21
995 2671 1046 2708 ut
1074 2681 1150 2709 om.
1173 2666 1271 2707 BR¹
1322 2665 1340 2720 Η
1390 2667 1651 2707 renidentes
1674 2666 1711 2704 R
1742 2663 1945 2704 reniten-

351 2725 411 2764 tis
440 2739 463 2764 r
509 2722 530 2780 Η
577 2728 629 2766 22
659 2725 877 2767 haneliB
924 2721 944 2779 Η
991 2726 1046 2765 24
1074 2724 1322 2777 pennatab
1370 2720 1389 2777 Η
1434 2723 1487 2762 25
1527 2720 1810 2762 scutulatum
1830 2719 1946 2759 Bur-

351 2794 523 2822 mannus
559 2788 712 2892 poesstae
751 2784 849 2823 Lat.
890 2784 985 2822 min.
1027 2780 1055 2820 I
1092 2782 1177 2820 365
1223 2779 1459 2820 rutilatum
1501 2777 1583 2818 BR
1659 2773 1677 2830 Η
1753 2777 1807 2816 26
1867 2774 1982 2838 οΙίἎ

351 2851 484 2889 peum
514 2839 594 2879 BR
