1982 3230
0 0 152 261 Γ
596 125 680 167 DE
710 125 904 167 PRIMO
934 123 1122 166 LIBRO
1447 119 1668 162 XXXVII

0 268 10 319 ξ
50 255 270 308 tenderis
297 254 378 322 (ΙΙΙ
402 251 472 304 40
497 269 542 318 p.
575 250 694 315 123)
720 251 894 302 ‘Varro
923 254 1007 316 qui
1033 257 1148 301 sunt
1172 251 1419 300 introrsus
1445 255 1591 313 atque
1617 250 1666 298 in

0 359 3 402 ;
51 341 233 392 intimis
257 337 591 404 penetralibus
628 336 750 387 caeli
776 336 894 386 deos
931 352 1039 386 esse
1067 342 1234 386 censet
1261 350 1386 399 quos
1419 333 1668 400 loquimur

51 440 145 476 nec
183 439 355 475 eorum
381 437 644 472 numerum
672 437 765 472 nec
790 422 990 470 nomina
1025 423 1142 471 sciri
1177 420 1255 486 (cf
1284 419 1446 470 Muell.
1475 419 1669 469 Etrusci

51 511 95 561 11
114 508 239 575 821»)
268 508 358 558 hos
386 508 656 558 Consentes
683 512 731 556 et
759 505 1033 570 Complices
1054 505 1251 555 Etrusci
1277 507 1415 554 aiunt
1441 510 1488 554 et
1514 505 1667 554 nomi-

51 601 170 646 nant
195 593 327 659 quod
355 607 451 642 una
478 593 701 641 oriantur
729 597 777 642 et
802 591 1030 640 occidant
1056 605 1178 647 una,
1216 604 1303 640 sex
1330 604 1492 638 mares
1520 595 1568 639 et
1594 595 1668 638 to·
1696 599 1702 604 ·

50 678 201 730 tidem
226 678 450 733 feminas,
480 676 761 727 nominibus
787 677 965 741 ignotis
991 676 1321 726 miserationis
1349 675 1670 738 parcissimae

0 820 2 822 ,
52 763 138 815 sed
165 777 251 813 eos
277 763 457 813 summi
482 762 612 812 Iouis
639 760 946 811 consiliarios
971 761 1240 825 principes'
1282 758 1510 824 (debebat
1537 759 1667 807 enirn

0 837 7 844 ⁵
52 846 296 899 Oehlerus
331 862 394 898 ac
429 846 561 912 quod
597 852 709 895 ante
737 849 999 909 principes
1035 844 1170 895 nullo
1197 859 1344 894 sensu
1379 844 1558 907 legitur
1586 843 1670 892 de-

51 931 172 997 lere)
212 931 516 983 ‘existimari
569 945 659 980 nec
686 931 948 980 defuerunt
983 932 1066 996 qui
1092 929 1372 980 scriberent
1397 930 1566 978 Iouem
1594 929 1671 978 Iu-

51 1031 233 1067 nonem
278 1031 334 1066 ac
369 1016 642 1066 Mineruam
679 1015 796 1065 deos
833 1016 1042 1065 Penates
1087 1016 1297 1064 existere
1342 1015 1447 1063 sine
1493 1013 1672 1078 quihus

51 1102 226 1152 uiuere
261 1116 317 1150 ac
344 1116 517 1165 sapere
557 1115 884 1164 nequeamuS,
924 1100 1006 1149 sed
1038 1100 1121 1163 qui
1148 1100 1345 1163 penitus
1380 1114 1470 1148 nos
1496 1104 1674 1162 regant

53 1188 243 1237 ratione
270 1185 435 1235 calore
463 1201 518 1236 ac
544 1186 756 1248 spiritu,’
800 1214 857 1220 —
899 1185 994 1234 hoc
1021 1186 1221 1248 inquam
1247 1182 1357 1232 loco
1386 1190 1672 1247 comparato

55 1276 104 1321 et
127 1270 460 1320 Varronianae
487 1285 514 1318 a
539 1269 793 1333 Nigidiana
821 1269 1042 1318 doctrina
1071 1268 1336 1317 discrimen
1375 1275 1421 1316 et
1447 1268 1672 1317 Martiani

53 1370 200 1421 quam
239 1360 409 1404 nostro
444 1353 554 1403 loco
590 1354 817 1403 conmisit
863 1352 1171 1417 neclegentia
1216 1352 1437 1416 adparet.
1517 1351 1671 1401 Varro

54 1440 186 1492 enim
227 1439 367 1489 cuius
411 1440 573 1488 omnia
610 1445 747 1496 sunt,
801 1453 925 1503 quae
959 1439 1107 1487 modo
1156 1454 1214 1488 ex
1248 1436 1467 1487 Arnobio
1511 1443 1672 1486 trans-

54 1525 230 1588 scripsi
273 1554 344 1561 —-
388 1525 636 1574 neminem
674 1525 804 1574 enim
842 1523 974 1588 quod
1009 1522 1257 1573 Arnobius
1301 1522 1397 1571 hoc
1433 1521 1543 1571 loco
1580 1538 1673 1572 nec

53 1609 331 1669 defuerunt
373 1610 591 1674 scripsit,
646 1625 703 1659 eo
741 1608 950 1658 adducet
986 1615 1040 1657 ut
1076 1608 1196 1657 haec
1231 1607 1336 1672 ipsa
1373 1622 1572 1672 quoque
1613 1623 1671 1657 ex

0 1713 4 1719 ³
54 1691 276 1743 Varrone
302 1692 489 1743 bonum
517 1699 709 1757 patrem
735 1694 1051 1757 rescripsisse
1080 1699 1548 1757 neget—accurate
1578 1692 1671 1740 dis—

54 1779 199 1828 tinxit
232 1779 362 1827 inter
400 1779 670 1828 Consentes
713 1783 759 1827 et
795 1778 1003 1826 Penates
1051 1777 1186 1841 (nam
1223 1793 1400 1842 parum
1442 1782 1673 1826 accurate

53 1861 149 1912 hac
185 1862 246 1912 de
279 1878 334 1912 re
369 1863 595 1912 statuisse
631 1862 831 1912 uidetur
857 1846 1156 1919 Klatisenus,
1196 1863 1419 1912 ‘Aeneas
1454 1861 1554 1910 und
1594 1861 1672 1911 die

6 1957 10 1961 ’
54 1946 305 1996 Penaten'
344 1962 391 1995 u.
420 1947 462 1995 ΙΙ
499 1961 547 2010 p.
577 1944 681 1996 659
709 1946 768 1995 ad
796 1947 907 2002 fin.,
947 1947 1234 2012 ceteroquin
1273 1948 1470 2010 egregie
1506 1947 1672 2010 dispu-

57 2031 182 2095 tans)
209 2037 257 2080 et
279 2046 306 2080 a
333 2031 527 2094 Nigidio
556 2046 613 2080 eo
642 2032 890 2095 dissentit,
921 2031 1052 2097 quod
1080 2030 1161 2080 ille
1190 2045 1312 2095 quos
1338 2031 1550 2080 Penates
1575 2031 1672 2080 Ro-

57 2130 231 2166 manos
277 2114 501 2179 publicos
549 2131 656 2166 esse
701 2115 821 2165 uidit
866 2131 950 2165 eos
991 2114 1150 2181 aliqua
1186 2116 1377 2165 ratione
1427 2115 1673 2180 explicare

56 2198 214 2250 uoluit
251 2215 363 2249 cum
401 2199 587 2249 diceret
621 2200 901 2265 Neptunum
940 2207 987 2251 et
1021 2200 1295 2266 Apollinem
1330 2201 1540 2250 Penates
1574 2202 1672 2250 Ro-

56 2299 318 2334 manorum
378 2299 485 2334 esse
547 2284 732 2334 scilicet
791 2287 905 2350 quia
966 2301 1134 2335 muros
1195 2285 1334 2334 urbis
1403 2283 1672 2348 μητροπό-

56 2369 194 2420 λεως
229 2369 415 2418 Romae
452 2371 830 2426 exstruxissent,
885 2376 1057 2420 contra
1093 2370 1249 2420 Varro
1292 2372 1341 2418 in
1386 2371 1672 2419 interiorem

58 2468 226 2503 rerum
264 2468 506 2503 conexum
534 2453 676 2503 altius
712 2454 925 2520 quodam
953 2455 1100 2504 modo
1138 2454 1443 2504 descendens
1479 2453 1674 2504 duobus

58 2537 324 2588 Penatibus
360 2553 459 2587 non
488 2544 747 2588 contentus
778 2569 849 2578 —-
884 2540 1008 2589 duos
1045 2546 1204 2589 autem
1234 2541 1462 2604 primitus
1490 2539 1673 2588 Romae

60 2621 210 2672 fuisse
245 2623 512 2687 persuadet
536 2623 815 2674 Klausenus
841 2640 888 2688 p.
918 2622 1022 2674 658
1049 2625 1117 2674 in.
1154 2652 1223 2659 -—
1260 2639 1384 2688 quos
1412 2625 1673 2687 primarios

3 2756 9 2775 t
60 2706 179 2756 deos
221 2721 329 2757 esse
364 2707 567 2771 putabat
603 2724 686 2758 eos
723 2708 862 2758 urbis
897 2725 1014 2758 suae
1056 2710 1264 2758 Penates
1311 2722 1416 2756 esse
1455 2706 1670 2757 uolebat.

60 2789 235 2840 deinde
273 2806 398 2856 quae
443 2792 504 2842 de
540 2793 763 2843 Etruscis
797 2793 1063 2843 Penatibus
1102 2809 1159 2841 ex
1197 2791 1388 2861 Nigidio
1425 2792 1672 2843 Arnobius

62 2874 215 2925 refert
248 2874 394 2941 plane
433 2892 491 2927 ex
537 2877 631 2926 alio
667 2893 850 2942 genere
884 2884 999 2928 sunt
1032 2892 1193 2941 neque
1239 2875 1337 2926 ullo
1374 2877 1520 2926 modo
1560 2893 1672 2928 cum
