1982 3230
733 135 922 178 LIBER
950 135 998 178 11
1593 133 1660 186 31

362 0 398 21 'v'
420 3 431 12 ι

176 59 200 74 0
215 38 218 43 Ι
282 35 298 43 ⁴(

3 201 47 230 εὖ.
114 141 146 235 ²

0 226 38 260 se

4 256 31 325 ²?
54 274 452 348 piaque‘dotalia
486 277 603 343 quid
637 276 883 329 sollertiae
919 277 1036 343 quid
1078 285 1282 327 ornatus
1309 276 1425 343 quid
1451 275 1664 342 denique

19 343 29 389 ''-
55 350 456 405 indumentorum
501 355 755 399 sumerent
800 349 1116 413 comperisse.
1176 363 1278 397 non
1324 346 1416 397 sibi
1464 362 1663 413 quoque

26 448 29 453 Α
56 422 297 472 nescitum
334 420 452 486 quid
488 434 700 485 sponsus
735 421 841 484 ipse
867 424 1151 485 perageret,
1182 418 1297 484 quid
1323 419 1455 469 Iouis
1481 418 1662 483 palatio

56 497 313 558 gereretur
338 505 400 539 an
425 490 703 540 Leucothea
730 490 1056 540 succenderet
1081 489 1236 538 facem
1257 488 1524 556 lumenque
1545 505 1663 554 pur-

11 574 266 628 spureum
300 567 348 612 et
382 576 444 611 an
471 559 597 611 Solis
632 562 838 624 remigia
873 559 1135 626 uigilarent
1170 561 1470 626 sonipesque
1506 559 1663 610 Phos-

54 633 200 698 phori
228 639 524 682 comeretur.
574 632 623 681 id
652 647 808 697 genus
832 633 1117 688 innumera,
1147 646 1274 696 quae
1302 630 1510 680 curiosis
1547 645 1662 694 per-

56 702 441 754 scrutationibus
500 709 783 768 aspexerat,
837 701 1105 753 astruebat.
1180 717 1357 751 uerum
1415 704 1662 751 secretum
1696 703 1778 743 114
1859 752 1861 755 .

57 773 268 825 cubiculi
287 779 492 840 repente
508 773 774 824 Phronesis
795 779 952 823 mater
971 774 1171 837 inrupit.
1221 786 1369 838 quam
1395 787 1507 822 cum
1519 774 1663 837 uirgo

24 856 40 898 J
56 846 379 910 conspiceret,
408 845 468 894 ad
496 859 601 894 eam
627 845 896 894 adcurrens
918 843 1363 909 honorandumque
1385 850 1559 909 pectus
1580 859 1662 894 ex-

0 927 43 979 ιορ
56 915 286 966 osculans
310 921 717 981 praeparatorum
748 914 1082 982 [poematum]
1112 915 1358 964 consciam
1386 915 1515 964 fecit.
1576 930 1661 964 ue·

22 1001 167 1050 rum
202 986 282 1036 illa
321 987 523 1037 exuuias
569 986 696 1036 filiae
732 993 1034 1051 ornatusque
1073 985 1316 1036 detulerat
1350 987 1458 1050 quis
1492 985 1662 1035 induta
1694 986 1809 1028 286*

55 1051 262 1108 deorum
289 1058 464 1108 sociari
492 1057 715 1107 coetibus
741 1072 838 1105 non
866 1065 1088 1122 paueret.
1149 1058 1317 1121 itaque
1351 1063 1542 1106 uestem
1578 1071 1663 1121 pe-

53 1127 291 1194 plumque
316 1127 454 1177 lactis
478 1129 629 1176 instar
655 1126 894 1192 fulgidum
924 1128 1071 1187 dedit,
1101 1127 1232 1192 quod
1261 1126 1340 1177 uel
1368 1143 1425 1177 ex
1447 1126 1530 1177 illa
1549 1127 1662 1177 her·

54 1197 232 1250 barum
259 1198 473 1248 felicium
500 1197 625 1256 lana,
654 1213 750 1262 qua
777 1198 1015 1248 indusiari
1040 1197 1306 1263 perhibent
1321 1198 1518 1248 Indicae
1542 1213 1662 1263 pru-

0 1284 37 1317 ..5
57 1269 249 1319 dentiae
276 1276 414 1318 uates
440 1268 730 1332 accolasque
750 1270 930 1318 montis
955 1269 1200 1318 Vmbracii
1222 1274 1268 1318 et
1289 1275 1528 1332 quantum
1545 1284 1664 1318 usus

54 1340 161 1390 eius
184 1338 374 1390 telluris
400 1346 627 1403 apportat
654 1355 710 1389 ex
739 1340 989 1389 candentis
1010 1339 1144 1406 byssi
1163 1338 1359 1390 netihus
1381 1339 1659 1390 uidebatur.

53 1409 230 1460 dehinc
267 1411 469 1474 apponit
504 1411 677 1459 uertici
713 1410 935 1460 diadema
974 1409 1239 1476 uirginale,
1279 1411 1413 1475 quod
1449 1411 1662 1461 maxime

51 1479 273 1531 medialis
299 1494 522 1544 gemmae
549 1479 732 1531 lumine
756 1481 1082 1546 praenitebat,
1106 1497 1163 1532 ex
1185 1496 1280 1547 qua
1301 1481 1491 1544 galeata
1513 1497 1660 1547 quae·

53 1551 165 1601 dam
193 1549 486 1616 obtectaque
512 1551 704 1602 uultum
734 1553 875 1616 uirgo
900 1554 1055 1603 instar
1082 1552 1260 1602 secreti
1295 1551 1498 1602 Troiani
1521 1554 1659 1618 peni-

0 1636 33 1670 2⁰
56 1627 135 1672 tus
158 1622 309 1672 incisa
334 1621 652 1687 resplenduit.
698 1629 747 1672 at
772 1623 1023 1688 cingulum
1052 1639 1150 1689 quo
1176 1628 1348 1687 pectus
1375 1630 1661 1674 annecteret
1694 1624 1779 1665 115

51 1691 142 1742 sibi
167 1692 384 1757 prudens
410 1699 567 1743 mater
594 1693 801 1743 exsoluit
828 1700 875 1744 et
909 1709 972 1745 ne
1006 1693 1278 1758 Philologia
1314 1695 1470 1758 ipsius
1503 1693 1660 1744 Phro-

51 1764 183 1813 nesis
209 1771 402 1813 careret
427 1763 680 1814 ornatibus
708 1766 811 1814 eius
835 1766 1026 1829 pectori
1042 1780 1150 1831 ¹quo
1176 1764 1344 1815 uerius
1380 1771 1662 1814 comeretur

51 1835 268 1898 apponit.
316 1833 506 1884 calceos
525 1841 782 1899 praeterea
805 1851 864 1884 ex
890 1850 1080 1901 papyro
1099 1834 1251 1886 textili
1271 1834 1551 1900 subligauit‚
1574 1851 1660 1885 ne-

20 1904 170 1970 -quid
209 1905 314 1954 eius
348 1904 569 1954 membra
617 1903 861 1969 pollueret
894 1907 1224 1957 morticinum.
1287 1921 1460 1956 acerra
1497 1912 1660 1956 autern

0 1973 206 2050 ei'multo
232 1981 450 2025 aromate
476 1975 728 2039 grauidata
766 1977 1036 2043 eademque
1074 1977 1302 2027 candenti
1339 1992 1514 2027 manus
1558 1979 1658 2027 uir-

53 2044 178 2109 ginis
204 2053 487 2095 onerantur.

193 2150 241 2193 et
264 2145 360 2193 iam
386 2143 540 2211 <tunc
565 2159 710 2195 roseo
738 2144 1003 2197 subtexere
1031 2147 1191 2197 sidera
1219 2146 1367 2211 peplo
1691 2148 1777 2188 116

191 2222 423 2280 coeperat
449 2214 751 2266 ambrosium
779 2232 1015 2280 promens
1039 2220 1230 2267 Aurora
1257 2219 1513 2282 pudorem,

191 2299 305 2335 cum
333 2300 595 2349 creperum
621 2286 705 2337 lux
732 2286 857 2337 alma
884 2289 1046 2345 mIcat,
1077 2295 1319 2353 gemmata
1348 2289 1503 2339 Dione

160 2485 188 2524 4
216 2483 459 2525 leuchoeta
481 2485 518 2525 R
546 2481 564 2538 ΙΙ
599 2486 625 2526 8
664 2485 862 2526 fronesis
882 2487 921 2527 R
941 2494 982 2527 et
1002 2487 1068 2527 lete
1090 2492 1132 2528 et
1152 2488 1353 2540 deinceps
1379 2484 1399 2540 ΙΙ
1431 2488 1596 2541 irrupit
1615 2487 1659 2527 B

47 2541 74 2581 9
105 2552 351 2581 accurrens
372 2540 414 2579 B
460 2536 480 2595 Η
530 2542 582 2582 10
610 2541 872 2583 boematum
891 2542 974 2584 BR
1002 2546 1262 2596 poematum
1288 2557 1342 2596 p:
1368 2546 1550 2595 glossam
1579 2545 1655 2585 de-

47 2597 131 2637 leui
165 2593 189 2651 l}
234 2598 286 2638 13
317 2597 456 2638 iactis
478 2597 516 2638 R
564 2594 584 2651 ΙΙ
634 2600 685 2639 15
715 2597 952 2640 Vmbracii
967 2614 1000 2652 p
1028 2601 1262 2640 umbratia
1283 2599 1366 2640 BR
1395 2600 1612 2640 umbratii
1633 2600 1658 2640 b

45 2652 247 2694 umbrati
272 2653 463 2694 Grotius.-
495 2655 664 2694 uidetur
684 2654 867 2696 Maleum
895 2663 1070 2698 montem
1099 2658 1160 2697 ita
1180 2658 1423 2710 siqnifieare
1445 2657 1508 2697 Izi-5
1528 2657 1660 2697 Plinii

54 2707 126 2750 Vl
147 2711 200 2749 69
231 2706 383 2762 (Solin.
404 2723 450 2763 p.
475 2713 574 2759 205,
599 2713 652 2750 16
673 2711 759 2763 Μ.)
789 2711 931 2754 uerbis
960 2714 1168 2767 adductus
1200 2713 1268 2753 ‘in
1298 2726 1379 2766 quo
1407 2713 1578 2754 umbrae
1599 2714 1660 2754 ad

45 2767 375 2818 septentrionem
394 2767 551 2808 cadunt
571 2767 701 2808 lze‘eme
722 2774 883 2810 aestate
903 2772 945 2809 in
967 2775 1154 2809 austrum
1168 2782 1254 2821 per
1274 2782 1400 2810 senos
1418 2771 1597 2810 menses'

50 2831 153 2863 osus
182 2821 224 2861 B
242 2834 274 2874 ,Ρ
303 2834 412 2863 usus
433 2825 534 2864 add.
558 2823 582 2864 b
630 2820 648 2879 Η
700 2825 751 2865 16
780 2825 959 2866 telloris
988 2826 1026 2866 R
1074 2822 1092 2879 Η
1142 2827 1194 2866 19
1235 2828 1511 2879 optentaque
1532 2826 1571 2867 R

48 2875 176 2917 uultu
204 2878 246 2918 B
292 2875 312 2932 ΙΙ
361 2881 415 2920 28
446 2879 698 2922 ambosium
719 2880 762 2921 B
791 2881 1057 2923 ambronum
1086 2882 1109 2922 b
1158 2877 1179 2935 Η
1226 2883 1279 2923 29
1310 2882 1459 2923 Dione
1485 2882 1659 2925 Grotius

48 2930 134 2974 dea
154 2946 231 2975 ore
252 2933 294 2974 B
323 2934 488 2978 decore
511 2936 577 2977 bD
614 2935 635 2992 ΙΙ
