1982 3230
268 133 369 186 132
743 133 1044 176 MARTIANI
1075 134 1395 178 CAPELLAE

264 275 532 340 ‘quoddam
552 276 737 323 iustum
757 288 856 323 non
878 280 952 323 est
974 279 1133 339 turpe,
1159 291 1306 326 omne
1327 276 1511 329 malum
1534 283 1695 344 turpe,
1718 278 1875 344 quod·-
1915 334 1919 338 ,

262 346 373 395 dam
398 346 548 408 igitur
574 345 757 394 iustum
784 359 884 393 non
912 351 985 393 est
1011 345 1241 396 malum'.
1823 350 1826 352 ’

142 431 227 471 413
401 426 656 464 TERTIAE
691 425 931 464 FORMAE
968 427 1184 467 PRIMVS
1222 418 1399 466 modus
1436 424 1510 468 est
1543 420 1596 467 in
1623 434 1720 483 quo
1755 435 1872 470 con-

258 486 420 534 ficitur
447 501 506 534 ex
534 485 728 535 duobus
755 485 1120 535 uniuersalibus
1148 487 1438 538 dedicatiuis
1463 489 1760 553 particulare
1788 490 1871 541 de'-
1969 546 1982 549 Α,

258 555 525 605 dicatiuum
553 556 795 606 directum
823 563 877 605 ut
904 561 977 606 est
1004 559 1018 583 ²
1035 572 1180 606 omne
1205 558 1390 608 iustum
1415 558 1693 618 honestum,
1724 575 1870 611 omne
1893 571 1914 604 5

255 626 439 676 iustum
465 625 679 684 honum,
717 626 965 691 quoddam
1004 627 1150 690 igitur
1180 627 1446 677 honestum
1472 628 1700 681 bonum’.
1778 643 1870 682 SE-

256 707 483 748 CVNDVS
521 697 697 747 modus
725 702 796 747 est
834 698 884 745 in
913 711 1009 760 quo
1046 699 1307 747 conficitur
1334 715 1391 748 ex
1418 699 1707 762 particulari
1733 700 1869 750 dedi-

255 768 415 816 catiuo
444 772 492 817 et
517 767 785 817 uniuersali
812 767 1087 816 dedicatiuo
1115 768 1414 832 particulare
1442 770 1768 820 dedicatiuum
1796 771 1867 820 di-

252 845 446 886 rectum
471 843 527 887 ut
554 844 626 888 est
663 837 940 902 ‘quoddam
965 839 1150 887 iustum
1176 838 1466 897 honestum,
1507 855 1652 889 omne
1686 841 1868 891 iustum

251 906 463 965 honum,
510 909 756 972 quoddam
801 908 949 971 igitur
992 907 1255 958 honestum
1298 909 1533 961 bonum’.
1620 923 1864 962 TERTIVS
1889 922 1931 954 10

250 978 429 1027 modus
466 986 539 1026 est
575 981 628 1028 in
667 993 765 1041 quo
803 978 1059 1027 conficitur
1098 994 1156 1027 ex
1195 979 1465 1028 uniuersali
1502 980 1778 1030 dedicatiuo
1818 989 1866 1032 et

249 1047 537 1111 particulari
581 1049 856 1098 dedicatiuo
898 1047 1196 1111 particulare
1243 1049 1579 1099 dedicatiuum
1628 1052 1744 1100 item
1790 1051 1860 1100 di-

249 1123 441 1168 rectum
462 1124 513 1167 ut
534 1124 609 1168 est
635 1122 799 1168 eomne
820 1118 1084 1168 honestum
1109 1119 1306 1177 iustum,
1329 1119 1577 1183 quoddam
1597 1119 1863 1170 honestum

247 1187 450 1247 bonum,
474 1189 726 1254 quoddam
753 1190 901 1253 igitur
922 1190 1103 1238 iustum
1126 1188 1350 1239 honum'.
1394 1201 1658 1249 QVARTVS
1686 1191 1863 1240 modus

245 1264 321 1308 est
360 1262 409 1309 in
443 1276 539 1324 quo
579 1260 835 1308 conficitur
874 1275 933 1307 ex
969 1258 1238 1308 uniuersali
1277 1259 1552 1309 dedicatiuo
1590 1267 1636 1310 et
1661 1258 1861 1311 uniuer-
1886 1270 1927 1303 15

245 1329 334 1378 sali
379 1330 657 1379 abdicatiuo
702 1329 1001 1394 particulare
1050 1329 1380 1379 abdicatiuum
1418 1331 1658 1380 directum
1696 1337 1750 1380 ut
1787 1339 1862 1380 est

246 1403 421 1449 ‘omne
456 1402 638 1449 iustum
678 1400 964 1457 honestum,
1017 1399 1209 1448 nullum
1235 1402 1418 1449 iustum
1455 1400 1665 1459 malum,
1703 1401 1857 1466 quod-

243 1469 356 1519 dam
381 1472 531 1534 igitur
557 1470 819 1519 honestum
853 1484 954 1518 non
982 1475 1054 1519 est
1088 1468 1316 1519 malum'.
1394 1482 1643 1530 QVINTVS
1680 1471 1858 1520 modus

242 1542 391 1590 estin
419 1556 517 1605 quo
554 1541 812 1590 conficitur
849 1555 905 1588 ex
941 1539 1226 1603 particulari
1263 1540 1537 1589 dedicatiuo
1575 1546 1622 1589 et
1657 1541 1856 1591 uniuer-

241 1610 330 1660 sali
365 1611 642 1660 abdicatiuo
685 1608 983 1675 particulare
1021 1609 1353 1659 abdicatiuum
1390 1610 1629 1659 directum
1667 1611 1851 1675 ‘quod-
1877 1619 1922 1653 20

242 1682 354 1731 dam
388 1682 573 1731 iustum
597 1681 886 1736 honestum,
925 1679 1115 1728 nullum
1150 1681 1331 1729 iustum
1366 1680 1576 1737 malum,
1605 1668 1854 1744 quoddam

238 1753 389 1815 igitur
414 1751 677 1801 honestum
702 1765 803 1799 non
830 1754 903 1799 est
928 1749 1149 1800 malum'.
1222 1748 1479 1816 <SEXTVS
1507 1750 1681 1799 modus
1705 1756 1778 1800 est
1801 1752 1854 1800 in

239 1837 338 1887 quo
374 1822 634 1872 conficitur
661 1837 722 1871 ex
759 1819 1029 1870 uniuersali
1055 1820 1332 1869 dedicatiuo
1361 1827 1408 1870 et
1443 1819 1728 1884 particulari
1766 1819 1851 1870 ab·

216 1893 452 1945 ‚dicatiuo
488 1890 788 1957 particulare
823 1890 1157 1940 abdicatiuum
1195 1890 1438 1940 directum
1475 1896 1528 1939 ut
1564 1896 1638 1940 est
1676 1894 1850 1941 ‘omne

237 1964 419 2013 iustum
443 1963 722 2018 honestum,
753 1961 1001 2026 quoddam
1026 1962 1208 2011 iustum
1234 1975 1334 2010 non
1361 1967 1435 2010 est
1461 1959 1662 2017 malum,
1690 1961 1846 2026 quod·
1871 1961 1914 2003 25

237 2032 351 2082 dam
376 2034 528 2097 igitur
553 2033 820 2082 honestum
846 2046 944 2079 non
971 2037 1044 2080 est
1070 2029 1297 2080 malum'.
1339 2046 1512 2080 omnes
1538 2032 1688 2095 igitur
1714 2031 1850 2080 modi

80 2108 216 2152 1316rv
237 2110 428 2153 certum
454 2102 680 2152 ordinem
705 2106 874 2150 tenent
900 2101 1217 2165 eiusdemque
1243 2100 1429 2150 ordinis
1455 2102 1582 2150 ratio
1605 2106 1692 2160 est,
1722 2115 1848 2166 quae

235 2174 288 2223 in
311 2174 430 2239 ipsis
454 2171 664 2238 formis>
690 2171 1023 2220 demonstrata
1051 2176 1138 2219 est.

119 2261 205 2301 414
376 2252 831 2294 CONDICIONALIS
868 2239 1177 2305 syllogismus
1215 2245 1287 2289 est
1323 2241 1462 2289 cuius
1498 2241 1770 2303 propositio
1797 2247 1846 2290 et

234 2312 437 2378 plenum
481 2317 827 2376 argumentum
864 2315 911 2360 et
943 2309 1143 2375 plenum
1180 2310 1231 2358 id
1269 2309 1329 2359 de
1367 2325 1464 2375 quo
1503 2311 1723 2372 quaestio
1770 2318 1844 2360 est
1866 2321 1909 2353 30

235 2384 478 2441 continet,
513 2384 581 2433 ita
605 2388 660 2432 ut
695 2386 946 2445 assumpto
982 2387 1274 2443 argumento
1308 2381 1404 2428 iam
1444 2386 1632 2429 certum
1670 2379 1844 2430 inferri

232 2455 389 2520 possit
422 2454 483 2503 de
510 2468 607 2517 quo
635 2453 856 2517 quaestio
904 2457 1008 2500 erat
1047 2450 1106 2500 ad
1140 2450 1272 2500 hunc
1306 2449 1524 2499 modum.
1599 2464 1842 2514 ponamus

235 2526 574 2590 quaestionem
602 2538 708 2573 esse
752 2527 919 2572 utrum
946 2522 1006 2570 sit
1047 2519 1178 2570 utilis
1211 2520 1486 2577 rhetorica,
1535 2526 1583 2569 et
1617 2518 1840 2588 uolentes

234 2595 406 2645 utilem
442 2593 682 2660 probare,
719 2597 1066 2656 argumentum
1102 2591 1161 2640 ab
1190 2591 1335 2640 huius
1363 2590 1644 2639 definitione
1674 2591 1837 2653 capia-

345 2737 370 2777 5
401 2736 613 2777 directim
640 2734 683 2774 B
731 2731 751 2787 Η
800 2734 826 2774 8
857 2732 1068 2773 directim
1097 2728 1194 2771 BR¹
1246 2726 1264 2783 ΙΙ
1316 2731 1365 2769 11
1404 2730 1452 2770 in
1485 2742 1570 2782 quo
1603 2727 1840 2770 conficitur

233 2804 309 2831 om.
342 2793 384 2831 B
502 2794 552 2832 12
591 2792 701 2830 item
730 2790 769 2830 R
798 2792 850 2828 ut
882 2791 952 2829 est
979 2788 1022 2828 B
1069 2784 1088 2841 [Ι
1138 2787 1345 2827 directim
1375 2783 1475 2826 BR1
1523 2782 1542 2839 ΙΙ
1593 2787 1644 2826 13
1683 2788 1733 2825 ut
1766 2788 1838 2825 est

233 2860 308 2887 om.
339 2849 381 2887 B
497 2851 550 2889 20
582 2847 788 2887 directim
816 2843 916 2886 BR¹
964 2841 972 2898 Ι
1014 2846 1086 2893 ‚29
1125 2843 1180 2883 de
1222 2841 1527 2883 condicionali
1570 2839 1837 2894 syllogismo

233 2908 330 2942 ante
362 2903 691 2945 condicionalis
722 2904 821 2944 add.
844 2901 925 2942 BR
985 2897 995 2954 Ῑ
1042 2901 1097 2941 34
1126 2899 1258 2940 huius
1278 2897 1345 2938 ΒΥ
1374 2897 1457 2939 hus
1477 2897 1516 2938 R
1564 2894 1583 2951 ΙΙ
