1982 3230
634 92 718 135 DE
751 89 1082 135 CODICIBVS
1186 91 1189 94 ⁴
1498 92 1675 135 XXVII

637 219 858 270 Primum
885 218 1071 269 librum
1326 267 1332 273 ,

192 305 563 381 Baginensis
593 302 728 355 1377
757 303 1190 362 membranaceuS,
1220 303 1403 354 saeculi
1423 303 1526 354 ΧΠ.

193 391 566 455 Baginensis
591 386 698 439 244
724 388 859 454 (olim
885 386 1007 454 202)
1038 388 1248 439 membr.
1278 404 1408 440 saeC.
1435 389 1537 438 ΧΠ.

471 488 756 538 Secundum
785 494 833 538 et
858 488 1057 537 tertium
1085 486 1242 537 libros

0 636 3 641 Ι
189 572 728 638 Guelferbytanus
753 570 789 622 4
816 571 984 637 (Ebert
1010 571 1148 622 catal.
1178 587 1227 622 n.
1252 570 1353 623 152
1379 572 1588 622 membr.
1619 570 1668 623 8.

0 647 173 730 lswsaec.
202 658 356 724 X111):
395 658 589 708 ‘tertius
614 657 739 708 liber
766 659 927 723 primo
955 656 1064 707 loco
1091 658 1280 722 positus
1309 659 1419 707 est.'

640 757 861 807 Tertium
888 755 1071 806 librum

13 841 322 892 ⁷hreuiatum
364 849 419 892 ut
452 841 648 891 uidetur

0 938 11 1006 ξ
187 935 573 991 Baliolensis
616 941 733 1007 (Cat.
763 941 899 991 MSS.
930 940 1132 1006 Angliae
1167 941 1201 997 1,
1229 939 1263 990 2
1291 955 1337 990 n.
1365 939 1486 991 391.
1534 942 1587 992 L.
1617 940 1667 993 6.

0 1006 3 1046 3
46 1025 291 1091 oxoniae)
345 1026 437 1075 eM.
467 1026 517 1075 C.
548 1026 608 1076 de
636 1028 828 1091 origine
855 1026 1240 1091 uniuscuiusque
1269 1025 1461 1076 litterae
1490 1033 1537 1076 et
1564 1029 1668 1077 eius

51 1123 173 1160 sono
198 1109 456 1160 breuiter.’

631 1195 874 1254 Quartum
900 1195 1083 1246 librum

187 1278 747 1342 Sangermanensis
772 1277 808 1328 4
837 1279 1095 1345 (ΜοῐιῑΗΙ.
1124 1278 1242 1328 bibl.
1272 1294 1404 1330 mon.
1435 1281 1665 1332 S.Germ.

43 1379 93 1414 n.
122 1361 239 1428 771)
280 1363 360 1413 εΜ.
390 1363 439 1412 C.
469 1362 778 1413 Dialectica'.
859 1432 862 1437 ἱ

185 1448 522 1498 Beruensis
550 1449 745 1499 Sinneri
770 1446 876 1500 265
911 1448 1003 1499 alia
1032 1451 1178 1499 etiam
1207 1449 1476 1515 conplexus
1503 1452 1553 1500 in
1581 1451 1662 1501 fol.

41 1534 257 1598 scriptus
283 1534 449 1583 nescio
476 1534 715 1599 quando„

183 1618 548 1668 Monasterii
589 1620 638 1669 S.
679 1619 894 1670 Albini
929 1620 1408 1683 Andegauensis
1456 1620 1519 1687 (n.
1562 1618 1662 1672 138

43 1700 126 1751 fol.
158 1702 287 1767 apud
313 1703 483 1752 Montf.
511 1703 552 1752 ΙΙ
579 1718 625 1768 p.
659 1701 796 1755 1226
810 1705 870 1767 a).

489 1800 729 1858 Quartum
759 1809 808 1852 et
834 1810 1026 1853 sextum
1052 1802 1206 1853 libros

2 1941 7 1946 ‚
185 1884 698 1938 vindobonensis
724 1886 757 1938 3
786 1886 1040 1953 (CCCXLV
1067 1887 1226 1954 Endl.)
1256 1882 1382 1939 mbr.
1410 1887 1461 1939 4.
1489 1907 1536 1956 p.
1563 1888 1665 1942 175

43 1968 180 2019 Grot.
214 1997 271 2005 —
302 1985 352 2035 p.
380 1967 486 2021 213
514 1971 568 2021 G.

643 2059 849 2110 Sextum
877 2060 1056 2111 librum

182 2139 662 2207 Bambergensis
712 2142 746 2194 2
799 2146 957 2211 (Iaeck
1009 2153 1100 2197 cat.
1152 2148 1173 2196 Ι
1224 2164 1271 2212 p.
1309 2145 1395 2199 51.
1449 2163 1495 2198 n.
1533 2146 1657 2200 392.

42 2223 180 2275 Saec.
206 2225 264 2275 X.
291 2223 370 2276 2f.
397 2225 513 2277 271.
546 2227 648 2294 lc.)
692 2228 844 2280 ‘liber
872 2231 931 2280 de
960 2247 1192 2282 mensura
1220 2231 1363 2283 lunae
1390 2242 1438 2283 et
1466 2234 1527 2283 de
1556 2250 1662 2285 ma·

41 2310 296 2379 gnitudine
322 2316 515 2362 terrae’
544 2319 626 2363 ott.

282 2411 483 2463 Sextum
510 2414 772 2477 septimum
801 2420 1030 2465 octauum
1058 2430 1243 2466 nonum
1271 2416 1424 2467 libros

181 2495 696 2549 vindobonensis
745 2497 781 2547 4
831 2499 1201 2564 (CCCXXXXIV
1231 2501 1390 2567 Endl.)
1445 2502 1655 2552 membr.

37 2595 168 2630 saec.
196 2581 278 2631 XI.
306 2580 355 2632 4.
384 2581 467 2632 l'ol.
500 2581 616 2633 150.

621 2681 861 2732 Octauum
887 2679 1069 2732 librum

178 2763 611 2816 Berolinensis
665 2765 774 2832 (fol.
820 2765 950 2831 307)
1003 2784 1131 2818 saec.
1179 2769 1266 2818 ΧΠ
1315 2770 1654 2835 interpolatus.

36 2861 186 2897 unam
226 2849 619 2900 emendationem
655 2852 1013 2918 suppeditauit:
1052 2853 1182 2917 quod
1220 2854 1351 2904 enim
1386 2869 1434 2920 p.
1471 2854 1589 2914 305,
1619 2854 1653 2906 2
