1982 3230
0 0 74 243 Ξ
785 98 973 142 LtBER
1001 96 1114 140 V111
1636 90 1742 144 303

141 246 282 295 cuius
331 251 536 294 naturae
581 239 913 307 tranquillitas
962 239 1106 289 etiam
1156 236 1291 286 illum
1329 236 1562 287 extimum
1608 239 1744 284 tenet

136 315 545 378 ambitioremque
584 327 806 368 cursum,
843 311 926 376 qui
953 326 1012 359 ex
1039 325 1121 370 e0,
1151 308 1282 374 quod
1319 305 1464 356 nullis
1499 304 1744 356 sideribus

140 385 438 441 occultatur,
484 382 744 446 ἄναετροε
785 380 1090 446 perhibetur.
1180 380 1221 428 si
1264 379 1413 442 igitur
1456 377 1531 427 sui
1574 374 1743 425 similis
1775 389 1870 433 815⁴

142 457 303 506 omnis
352 453 789 517 circumagentium
843 459 1132 500 naturarum
1183 449 1395 498 ambitus
1445 448 1743 511 repperitur,

13 530 22 535 ’
95 544 117 576 5
141 526 261 577 nulli
281 526 486 590 possunt
511 524 783 573 aetherium
809 527 1018 571 tractum
1041 519 1209 570 circuli
1236 521 1445 568 uariare.
1486 533 1579 566 nos
1599 518 1747 581 igitur

141 595 354 647 circulos
379 595 565 643 nonita
588 594 824 647 dicemus,
855 598 908 641 ut
934 590 1200 654 linquentis
1227 596 1431 638 naturae
1460 588 1740 637 discrimina

139 665 428 731 corpulenta
455 666 710 728 fingamus,
741 663 826 712 sed
850 671 902 712 ut
928 676 1160 711 ascensus
1183 661 1549 723 descensusque
1576 658 1635 708 ad
1659 673 1747 707 nos

140 737 408 788 errantium
451 735 862 785 demonstremus.
927 748 1089 796 neque
1129 733 1256 781 enirn
1286 730 1363 789 uel
1390 745 1529 779 axem
1557 727 1747 794 prolos-

141 823 253 874 que,
283 821 407 870 quos
433 807 480 855 in
503 806 712 870 sphaera
741 819 918 860 aenea,
949 819 1075 866 quae
1102 799 1326 865 κρικωτή
1355 800 1546 857 dicitur,
1586 798 1646 848 ad
1673 800 1746 847 in-

31 875 37 884 '
76 895 120 928 10
141 877 449 942 tellegentiae
477 876 748 940 conpendia
777 875 990 924 adfixere
1018 873 1266 929 mortales,
1296 887 1387 935 ego
1407 871 1581 920 robori
1606 885 1750 919 mun-

8 947 22 953 ”
141 949 297 998 danae
323 948 527 997 rationis
553 961 822 1011 apponam,
862 961 970 995 cum
1000 943 1118 993 nibil
1145 944 1345 992 solidius
1374 949 1504 992 terra
1533 942 1594 990 sit
1619 939 1747 1005 quod

144 1035 251 1070 eam
291 1018 454 1067 ualeat
490 1020 760 1074 sustinere;
810 1017 987 1065 deinde
1016 1031 1124 1064 cuin
1155 1013 1255 1079 poli
1293 1013 1429 1063 uelut
1466 1012 1750 1077 perforatae

143 1090 401 1139 exterioris
437 1089 676 1153 sphaerae
713 1089 939 1136 cauernis
975 1088 1246 1142 emineant,
1290 1092 1337 1134 et
1362 1084 1526 1132 hiatus
1554 1081 1751 1146 quidam

144 1159 471 1224 cardinesque
498 1160 758 1222 fingantur,
789 1158 917 1222 quod
942 1159 1109 1220 utique
1136 1155 1397 1205 subtilibus
1425 1154 1753 1216 aetheriisque

79 1247 123 1280 15
145 1230 371 1281 accidere
408 1245 506 1278 non
546 1230 761 1293 potuisse
801 1234 1110 1292 conpertum.
1173 1226 1329 1275 sicubi
1374 1226 1522 1287 igitur
1559 1222 1751 1273 intelle·
1785 1229 1868 1272 816

147 1302 339 1365 gentiae
373 1300 796 1362 edissertandique
834 1299 1087 1362 proposito
1116 1297 1194 1346 nel
1222 1312 1365 1345 axem
1401 1295 1481 1344 uel
1507 1293 1648 1358 polos
1674 1291 1755 1343 uel

151 1370 366 1421 circulos
390 1369 690 1435 perbihebO,
727 1369 872 1418 ideali
901 1369 1109 1433 quadarn
1138 1367 1423 1431 prudentia,
1462 1380 1561 1413 non
1589 1365 1755 1414 diuer-

146 1443 285 1492 sitate
313 1440 435 1491 caeli
463 1441 674 1490 discreta
703 1440 788 1490 sed
825 1440 1093 1504 spatiorum
1122 1437 1397 1487 rationibus
1425 1436 1753 1500 dispensetur.

146 1514 315 1577 sicque
352 1511 592 1561 habeatur
633 1527 743 1560 cum
792 1526 1000 1560 enexum
1041 1510 1384 1573 deuexumque
1420 1507 1659 1556 mundum
1687 1505 1757 1554 di-

80 1599 125 1632 20
148 1598 291 1640 xer0‚
329 1598 440 1632 cum
477 1581 644 1631 similis
682 1583 870 1630 cunctis
897 1582 994 1630 suis
1021 1579 1241 1645 partibus
1276 1581 1334 1628 sit
1362 1577 1756 1640 sublimeturque

149 1653 227 1704 uel
278 1652 426 1702 lateat
471 1668 562 1716 pro
614 1652 904 1701 condicione
955 1651 1224 1700 horizontis
1270 1650 1613 1714 positioneque
1657 1653 1756 1696 ter-

147 1739 336 1774 rarum.

292 1794 397 1843 Hoc
434 1794 583 1857 igitur
619 1794 928 1857 praemonito
966 1791 1084 1840 illud
1130 1791 1353 1849 nisinun,
1394 1789 1524 1854 quod
1561 1789 1757 1854 quidam
1791 1794 1874 1838 817

151 1865 487 1915 Romanorum
524 1879 623 1912 non
651 1879 741 1928 per
769 1865 931 1912 omnia
964 1864 1164 1926 ignarus
1191 1863 1286 1910 mei
1324 1860 1487 1911 stellas
1515 1876 1541 1909 a
1568 1859 1757 1916 stand0‚

41 1994 45 1998 ⁵
87 1951 132 1985 25
155 1935 314 1986 sidera
344 1951 369 1984 a
398 1934 714 1991 considendo,
744 1940 874 1984 astra
902 1934 961 1983 ab
982 1937 1184 1983 Astraeo
1213 1933 1337 1981 dicta
1368 1932 1516 1981 fuisse
1544 1945 1759 1980 comme·
1783 1933 1916 1979 2766

150 2012 336 2062 morat,
363 2004 707 2070 ·sabulosisque
745 2006 1035 2053 commentis
1062 2003 1177 2053 Grai
1217 2002 1515 2067 compleuere
1551 2001 1759 2050 caelum.

153 2092 245 2141 ego
271 2082 534 2140 praecepta
563 2078 727 2140 potius
765 2075 1029 2124 edisseram
1060 2074 1345 2138 disciplinae
1373 2088 1429 2122 ac
1456 2073 1626 2122 decem
1665 2072 1763 2121 dici

152 2147 323 2196 mundi
351 2144 562 2195 circulos
597 2147 852 2196 adseuero.
918 2161 1128 2210 quorum
1157 2144 1239 2193 alii
1265 2143 1501 2209 paralleli,
1530 2159 1654 2209 quos
1681 2142 1761 2191 ae-

154 2217 474 2282 quidistantes
510 2217 679 2267 Latine
727 2232 989 2282 possumus
1026 2230 1327 2272 memorare,
1377 2214 1573 2264 eosdem
1622 2213 1763 2278 polos

19 2343 22 2348 ,
90 2321 135 2355 30
158 2287 342 2338 habent
378 2303 500 2353 quos
535 2289 640 2351 ipse
675 2287 903 2337 mundus,
968 2286 1068 2352 poli
1104 2287 1233 2336 enim
1269 2291 1383 2335 sunt
1410 2286 1494 2349 qui
1529 2299 1555 2333 a
1592 2291 1764 2333 centro

13 2366 22 2374 ²
162 2357 333 2408 circuli
375 2357 503 2407 linea
540 2373 695 2423 usque
739 2360 787 2406 in
834 2357 1255 2407 circumferentias
1301 2356 1446 2405 ducta
1489 2353 1765 2404 medietatis

12 988 38 1039 3

269 2514 294 2553 2
326 2511 567 2563 syderibus
589 2512 670 2552 BR
729 2510 739 2566 1
786 2514 812 2553 3
843 2511 1083 2552 occulatur
1103 2510 1204 2551 B'R
1251 2507 1270 2564 {l
1320 2514 1531 2551 anastros
1554 2508 1597 2549 B
1629 2507 1766 2550 auios

158 2571 196 2612 R
234 2566 253 2624 ΙΙ
292 2571 317 2610 6
348 2567 568 2621 liquentis
589 2567 669 2609 BR
709 2566 714 2621 Ι
775 2570 800 2609 8
834 2568 953 2608 enim
974 2570 1184 2608 inductum
1205 2569 1247 2607 in
1270 2566 1310 2606 B
1357 2563 1377 2620 Η
1426 2569 1451 2607 9
1482 2566 1706 2607 feraenea
1726 2565 1767 2606 R

157 2627 406 2669 sferaenea
436 2639 460 2665 r
509 2625 754 2665 sset-aenea
784 2624 826 2663 B
871 2624 1114 2677 sphereeia
1144 2623 1168 2663 b
1217 2621 1236 2676 Η
1285 2624 1458 2663 cricote
1480 2622 1562 2663 BR
1592 2623 1767 2663 cii-cote

155 2683 208 2725 br
255 2679 275 2735 11
326 2684 377 2723 13
417 2682 545 2722 faere
578 2682 614 2721 R
662 2679 680 2734 Η
739 2681 950 2721 cabernis
981 2679 1042 2720 B¹
1116 2715 1120 2718 a
1168 2681 1218 2719 14
1257 2679 1550 2730 cardinisque
1582 2677 1682 2719 B¹R
1728 2675 1750 2732 ss

159 2740 214 2781 18
243 2738 520 2791 depensetur
545 2737 581 2778 B
611 2735 629 2791 Η
657 2739 705 2777 21
742 2737 959 2778 orizontis
979 2736 1061 2776 BR
1135 2737 1190 2776 24
1220 2735 1334 2775 meis
1358 2733 1415 2775 B¹
1438 2735 1550 2775 mihi
1571 2735 1766 2776 Ricsclze-

158 2797 238 2836 tius
258 2797 311 2836 de
339 2794 468 2835 Varr.
490 2796 655 2847 discipl.
685 2794 803 2835 libris
827 2807 873 2846 p.
897 2796 951 2833 10
987 2789 1007 2847 [J
1056 2794 1111 2833 25
1142 2796 1296 2832 astreo
1327 2791 1409 2832 BR
1456 2788 1476 2846 ΙΙ
1524 2792 1578 2833 28
1610 2792 1769 2845 aequi·

162 2854 342 2893 stantes
362 2850 404 2890 B
437 2852 724 2905 equistantes
746 2851 783 2891 R
804 2863 916 2891 corr.
940 2863 969 2903 p
1003 2846 1023 2904 Ι]
1064 2851 1118 2890 29
1151 2848 1423 2901 eosdemque
1445 2848 1468 2890 b
1503 2845 1522 2903 [l
