1982 3230
750 95 937 140 LmER
966 65 1043 138 11*
1221 73 1223 75 ’
1612 95 1682 148 47

10 233 22 274 ²⁴⁴
76 245 237 310 spicas
261 257 408 294 manu
443 241 781 305 caelatumque
819 256 878 290 ex
903 238 1098 289 hebeno
1123 240 1346 304 pinacem
1383 241 1683 303 argumentis

77 314 259 366 talibus
283 312 548 364 adferebat.
614 317 721 362 erat
743 312 794 360 in
820 311 982 361 medio
1009 311 1113 360 auis
1138 312 1401 376 Aegyptia,
1430 325 1556 376 quae
1582 309 1681 360 Ibis
1713 321 1799 362 175

80 391 377 436 memoratur
411 383 472 434 ab
500 381 688 432 incolis.
753 381 836 431 sed
875 397 986 431 cum
1022 388 1195 445 petaso
1236 388 1407 431 uertex
1447 387 1591 446 atque
1627 396 1683 430 os
1715 392 1798 433 176

78 456 464 522 pulcherrimum
501 453 787 509 uidebatur,
826 452 955 517 quod
984 451 1184 516 quidem
1222 454 1466 516 serpentis
1501 453 1683 517 gemini

39 538 61 571 ⁵
85 525 329 577 lambebat
363 524 609 590 implexio,
688 523 859 573 subter
907 523 1148 588 quaedam
1195 524 1477 587 praenitens
1522 525 1678 587 uirga,

11 654 15 660 ,
79 599 217 647 cuius
243 603 390 661 caput
422 595 700 663 <auratum
729 594 890 644 media
916 593 1102 658 glauca,
1130 594 1302 657 piceus
1335 595 1445 642 finis
1471 594 1681 644 extabat.

77 667 168 717 sub
196 668 366 718 dextra
392 666 587 716 testudo
615 666 943 730 minitansque
980 679 1120 729 nepa,
1150 679 1176 713 a
1203 662 1341 721 laeua
1370 679 1533 728 capra.
1597 666 1682 715 sed
1716 670 1797 710 177

78 738 260 789 dilofon
308 737 496 795 alitem,
545 752 669 802 quae
705 737 766 785 sit
801 737 1025 785 oscinum
1076 735 1262 791 mitior,
1314 737 1364 784 in
1402 736 1685 785 certaminis

7 815 24 830 ‘·
77 815 424 874 temptamenta
462 806 702 873 pulsabat.
765 808 872 871 ipsa
906 821 1030 856 uero
1055 805 1154 855 Ibis
1178 812 1523 871 praenotatum
1560 808 1685 870 gerit
1717 813 1799 853 178

13 891 56 924 10
77 895 257 930 nomen
284 879 464 929 mensis
498 877 750 928 cuiusdam
778 877 1098 942 Memphitici.
1162 877 1289 926 hanc
1314 877 1545 927 tabellam
1572 893 1681 927 cum
1717 882 1799 923 179

76 953 317 1015 ingestam
367 949 459 1000 sibi
508 956 833 1014 cognosceret
885 949 1027 1012 uirgo
1070 955 1306 998 uenerata
1357 948 1473 998 licet
1516 950 1684 1014 sponsi

79 1026 404 1086 cognosceret
429 1026 775 1084 argumentum
800 1025 964 1069 tamen
999 1035 1098 1068 non
1124 1034 1239 1068 ausa
1269 1026 1340 1068 est
1365 1021 1469 1069 sine
1496 1018 1683 1084 suppli-

79 1094 271 1142 catione
304 1092 530 1141 transire.
606 1096 709 1139 tum
749 1092 893 1140 etiam
930 1090 1184 1139 candidior
1217 1089 1519 1140 Atlantidum
1554 1090 1684 1140 Iouis
1718 1096 1802 1137 180

81 1177 350 1226 congressu
377 1162 695 1227 pignerisque
723 1160 935 1210 culmine
961 1168 1196 1225 prouecta
1224 1163 1527 1224 superuenit,
1558 1177 1683 1226 quae

18 1242 60 1276 15
82 1234 278 1300 quidem
306 1234 465 1282 necin
490 1247 646 1282 nurus
668 1231 828 1281 officio
850 1232 954 1280 sine
980 1231 1172 1281 bilance
1198 1230 1323 1280 libra
1350 1247 1593 1296 apparere
1613 1233 1684 1281 di-

80 1311 222 1370 gnata
251 1309 337 1353 est.
378 1318 522 1368 quam
548 1303 690 1366 uirgo
715 1307 948 1352 uenerata
977 1304 1206 1367 quoniam
1234 1303 1350 1351 satis
1376 1304 1558 1353 sociam
1585 1302 1684 1352 filio

76 1374 369 1438 recognouit
407 1371 597 1423 duabus
634 1388 746 1422 cum
782 1372 1035 1422 lucrorum
1082 1379 1282 1438 potente
1317 1374 1486 1424 dicatis
1524 1376 1686 1439 coepit

77 1445 326 1495 honorare
352 1442 640 1510 pecudibus,
677 1443 794 1492 hinc
820 1443 1077 1493 festinatur
1104 1459 1337 1494 ascensus
1365 1453 1412 1494 et
1438 1460 1594 1510 usque
1631 1447 1682 1494 in
1716 1451 1795 1491 181

78 1514 281 1566 Veneris
309 1514 549 1565 circulum
584 1514 852 1564 hemitonio
878 1514 1214 1565 transuolatur
1248 1517 1451 1581 ipsaque
1478 1515 1684 1573 Venere,

15 1597 57 1636 20
81 1601 206 1652 quae
232 1588 415 1651 nuptiis
442 1583 844 1653 adlubescebat,>
855 1592 1093 1651 quantum
1121 1586 1325 1636 decebat
1350 1593 1485 1637 orata
1512 1587 1609 1637 hoc
1634 1589 1683 1636 in

80 1672 135 1707 ea
159 1657 448 1722 perhibetur
468 1657 643 1706 intuita
668 1656 801 1723 quod
828 1657 1091 1706 admodum
1113 1657 1322 1722 pulchra
1341 1664 1504 1707 tamen
1532 1659 1686 1708 antias

79 1727 379 1778 draconibus
416 1727 729 1777 circumflexa
774 1726 1052 1792 crebroque
1089 1727 1318 1791 capillitio
1354 1727 1494 1778 uulsa
1530 1728 1684 1778 ambi-

78 1796 256 1848 farium
283 1798 509 1863 genitalis
534 1813 702 1847 secum
730 1812 1024 1862 congressos
1049 1798 1283 1848 mitificat.
1302 1831 1306 1837 ›
1328 1815 1443 1849 mox¹
1469 1800 1683 1849 studium
1718 1805 1798 1847 182

78 1871 129 1918 in
167 1869 376 1918 solarem
422 1868 648 1918 laborare
687 1869 900 1926 cIrcum,
950 1870 1134 1934 quippe
1180 1870 1406 1936 sescuplo
1451 1870 1684 1936 fatigabat

19 1950 59 1986 25
81 1954 354 1996 ascensum,
383 1939 465 2003 qui
490 1945 633 1989 tonos
659 1954 716 1988 ac
744 1939 969 1989 dimidius
995 1939 1287 1990 habebatur.
1341 1941 1407 1990 ibi
1435 1942 1680 2007 quandam
1715 1943 1774 1982 43
1794 1941 1830 1982 G

81 2012 245 2060 nauim
294 2011 446 2059 totius
480 2015 685 2059 naturae
723 2009 948 2060 cursibus
984 2011 1177 2060 diuersa
1217 2012 1481 2076 cupiditate
1517 2013 1684 2062 mode·
1720 1998 1800 2039 183

80 2087 270 2130 rantem
310 2087 585 2144 cunctaque
631 2079 939 2130 flammarum
988 2083 1305 2147 congestione
1349 2081 1685 2148 plenissimam

79 2150 235 2202 beatis
280 2152 628 2201 circumactam
684 2151 933 2202 mercibus
979 2153 1309 2218 conspicatur.
1384 2155 1464 2203 cui
1510 2160 1688 2205 nautae

80 2228 292 2287 septem,
321 2223 544 2286 germani
580 2229 743 2271 tamen
778 2223 951 2288 suique
988 2223 1291 2281 consimiles,
1320 2225 1684 2289 praesidebant.

4 2304 59 2337 :io
78 2292 128 2342 in
155 2307 303 2357 prora
331 2292 436 2343 felis
460 2293 619 2343 forma
648 2293 855 2357 depicta,
892 2293 1050 2344 leonis
1077 2296 1124 2344 in
1154 2295 1347 2354 arbore,
1377 2296 1611 2347 crocodili
1635 2298 1685 2346 in

194 2506 215 2544 1
249 2504 568 2556 caelatamque
590 2504 671 2546 BR
702 2501 725 2559 Π
762 2506 786 2545 7
810 2519 837 2546 a
858 2519 970 2549 era-9.
995 2509 1037 2547 in
1058 2507 1100 2546 B
1129 2504 1147 2559 Η
1179 2521 1320 2561 capra
1341 2508 1382 2548 B
1406 2522 1575 2561 caprea
1597 2509 1620 2549 b
1649 2507 1668 2562 Η

82 2563 135 2603 13
173 2565 282 2601 111113
314 2562 352 2601 D
404 2557 412 2614 Ι
451 2560 761 2601 athlantidum
788 2563 828 2602 D
865 2558 888 2616 [l
927 2565 978 2603 15
1017 2564 1167 2603 ne*B
1207 2561 1226 2618 ss
1276 2566 1327 2605 15
1358 2565 1541 2605 bilance
1563 2568 1688 2618 uulgo

80 2617 246 2659 blance
268 2617 353 2657 BD
381 2614 387 2671 l
428 2619 482 2658 20
512 2617 780 2658 honoratur
806 2615 825 2672 ΙΙ
858 2620 909 2659 21
944 2620 1128 2661 anthias
1154 2620 1234 2661 ΒΗ,
1262 2617 1281 2674 [Ι
1309 2623 1361 2660 22
1395 2621 1688 2662 ambifariam

82 2673 302 2728 genitalis
330 2674 487 2727 scripsi
515 2673 590 2727 (cf.
614 2674 791 2715 Seruius
820 2677 879 2716 ad
897 2676 1008 2717 Aen.
1031 2677 1092 2716 II
1122 2679 1209 2717 632
1240 2679 1482 2718 ‘secundum
1511 2691 1585 2719 eos
1616 2680 1689 2732 qui

81 2730 223 2785 dicunt
242 2732 457 2785 utriusque
477 2743 609 2772 sexus
629 2731 1000 2784 participationem
1029 2732 1187 2774 habere
1210 2733 1412 2786 numina')
1446 2735 1685 2776 ambifari-

75 2785 244 2840 ‘umque
276 2787 424 2828 nital*
445 2786 486 2827 B
527 2787 915 2840 ambifariumque
945 2789 1064 2829 nital
1095 2790 1132 2829 R
1168 2786 1188 2843 Π
1225 2803 1495 2844 congressos
1529 2792 1689 2845 scripsi

84 2853 331 2896 congressa
346 2843 427 2884 BR.
459 2841 479 2897 11
517 2846 571 2884 25
602 2848 736 2884 1011115
757 2844 780 2884 b
818 2840 838 2899 [l
877 2846 930 2885 26
962 2857 1126 2885 nauem
1144 2844 1244 2886 B¹R
1282 2843 1302 2901 Η
1340 2849 1394 2888 30
1423 2847 1531 2889 felis
1552 2861 1684 2902 marq.

84 2898 358 2953 ed.Lu9dun.
378 2903 494 2942 1538
526 2900 639 2941 felix
661 2900 742 2942 BR
790 2898 808 2955 Η
859 2901 1094 2943 crocodilli
1115 2901 1197 2943 BR
1235 2899 1253 2957 ΙΙ

0 3041 72 3230 Ι,
1514 3191 1547 3218 .
