1982 3230
124 339 211 379 252

237 118 344 171 316
716 102 1018 161 ‘MARTIANI
1049 118 1368 162 OAPELLAE

242 259 463 324 raptibus
489 259 781 309 auferuntur
803 275 949 324 quam
971 260 1185 324 propriis
1207 260 1431 310 cursibus
1453 267 1847 312 commonentur.

243 346 355 378 nam
384 336 619 393 quantum
658 345 744 379 eos
781 329 948 379 retulit
982 330 1080 379 diei
1124 332 1378 395 noctisque
1413 333 1614 389 rotatio,
1658 338 1846 382 tantum

243 401 465 449 nituntur
491 400 699 449 diuersis
725 415 1032 465 conpensare
1058 401 1377 466 temporibuS‚
1405 402 1452 451 id
1476 410 1548 452 est
1572 409 1654 452 aut
1678 417 1848 452 mense

86 478 223 521 288G
243 476 295 519 ut
321 469 483 526 Luna,
517 478 600 519 aut
625 485 755 520 anno
793 477 848 519 ut
874 470 983 527 Sol,
1013 477 1094 519 aut
1121 472 1318 534 triginta
1347 473 1486 522 annis
1514 480 1565 522 ut
1591 473 1848 531 Saturum,

126 620 209 660 853

120 1673 210 1714 2'354

120 2375 212 2418 355

242 546 290 588 et
316 541 495 589 ceteris
530 539 838 604 temporibus
874 541 1132 590 adtributis
1166 557 1257 605 pro
1294 543 1560 605 spatiorum
1590 557 1714 607 quae
1750 544 1846 592 cir·
1869 555 1892 588 5
1932 556 1938 595 J

242 617 477 659 cumeunt
520 610 811 677 latitudine>
847 618 929 660 aut
973 611 1232 661 breuitate.
1303 628 1426 677 quae
1463 620 1638 662 cuncta
1685 613 1849 662 sidera
1928 613 1930 616 ’

242 680 358 730 licet
393 682 441 730 in
476 687 638 730 ortum
675 697 888 746 pergere
925 682 1210 739 uideantur,
1249 697 1348 731 non
1383 690 1547 733 tamen
1582 683 1847 732 aduersum

242 751 479 800 mundum
507 751 667 814 rigido
694 759 831 801 motu
858 752 942 802 sed
971 751 1169 817 obliquo
1198 767 1285 816 per
1314 753 1497 801 zodiaci
1524 753 1679 803 defixa
1706 752 1847 802 moli·

242 827 406 870 untur.
470 820 687 886 alioquin
714 838 773 871 ex
800 824 1050 877 contrario
1079 825 1287 886 partium
1316 838 1516 872 suarum
1544 829 1676 871 motu
1705 839 1847 872 mun-

241 892 332 940 dus
383 897 512 941 stare
556 906 655 940 non
697 899 876 957 posset.
956 893 1167 957 denique
1220 894 1364 942 etiam
1407 893 1845 957 Peripateticorum
1871 906 1912 937 ιο

227 962 419 1024 dogma
442 962 693 1011 contendit
719 978 819 1012 non
846 963 1107 1011 aduersum
1135 963 1371 1012 mundum
1398 964 1518 1011 haec
1544 964 1706 1013 sidera
1730 978 1847 1027 pro-

243 1033 431 1081 moueri
459 1032 545 1082 sed
574 1033 825 1082 celeritate
853 1033 1046 1089 mundi,
1083 1049 1228 1096 quarn
1257 1034 1397 1097 sequi
1433 1048 1534 1082 non
1562 1038 1845 1098 potuerunt,

243 1103 523 1166 praeteriri.
595 1103 726 1166 quod
755 1103 953 1166 quidem
993 1104 1134 1151 etiam
1173 1110 1224 1151 ut
1258 1118 1435 1152 uerum
1471 1104 1553 1160 sit,
1592 1104 1713 1152 meis
1749 1117 1847 1151 non

239 1174 423 1236 poterit
448 1173 723 1223 rationibus
750 1173 969 1223 obuiare.
1011 1175 1115 1222 siue
1138 1175 1266 1222 enim
1289 1174 1531 1222 Saturnus
1559 1174 1709 1223 nimia
1737 1188 1846 1222 cum

239 1243 425 1292 mundo
454 1242 702 1293 celeritate
729 1250 1019 1293 concertans
1043 1245 1137 1308 *uix
1167 1245 1354 1307 exiguis
1381 1242 1608 1292 cursibus
1645 1258 1845 1308 supera·
1872 1254 1914 1287 15

239 1319 335 1370 tur,
365 1329 421 1362 ac
446 1314 599 1370 Luna,
630 1315 759 1378 quod
786 1315 973 1364 tardius
998 1314 1208 1370 incedat,
1238 1315 1362 1363 intra
1389 1315 1690 1362 tricesimum
1718 1313 1846 1362 diem

241 1398 267 1431 a
301 1384 472 1432 mundi
513 1390 652 1448 parte
691 1385 864 1434 eadem
900 1386 1223 1449 praeteritum
1262 1386 1366 1433 siue
1404 1390 1573 1432 contra
1611 1383 1848 1432 mundum

241 1454 510 1503 nitentibus
546 1454 657 1502 ideo
690 1454 897 1503 celerior
924 1455 1035 1518 quia
1073 1453 1304 1502 breuiore
1340 1454 1525 1502 ambitu
1552 1453 1723 1502 orbem
1751 1454 1846 1502 cir-

242 1525 342 1572 cuit
366 1524 528 1580 Luna,
564 1524 848 1588 tardiusque
876 1525 1118 1574 Saturnus
1145 1530 1347 1588 propter
1383 1523 1685 1572 latitudinem
1713 1522 1847 1572 orbis

243 1595 406 1649 effusi;
445 1600 609 1643 utrum
637 1593 786 1651 ueliS,
825 1595 946 1643 meis
972 1593 1155 1658 regulis
1192 1608 1290 1642 non
1329 1593 1541 1648 obsistit,
1581 1595 1621 1641 si
1647 1593 1844 1657 quidem
1871 1606 1913 1636 20

241 1666 342 1713 suis
367 1669 529 1714 motus
554 1667 758 1713 istorum
787 1664 1060 1714 rationibus
1087 1663 1415 1727 dispensatur.
1478 1662 1655 1728 quibus
1680 1670 1847 1712 tamen

241 1740 429 1799 septem
457 1734 700 1785 sideribus
735 1750 863 1784 unus
890 1740 963 1783 est
988 1736 1264 1783 communis
1291 1740 1477 1790 motuS‚
1518 1732 1649 1797 quod
1676 1747 1848 1782 omnes

242 1811 405 1854 ortum
433 1810 620 1868 petunt.
669 1805 793 1854 alius
820 1805 949 1870 quod
976 1811 1258 1870 temporum
1286 1802 1847 1853 omnes‘diuersitatibus

242 1883 388 1940 atque
414 1875 750 1925 accidentibus
775 1877 1048 1925 uariantur.
1114 1890 1226 1924 nam
1255 1890 1314 1923 ex
1343 1875 1415 1923 his
1443 1875 1660 1938 quinque
1685 1873 1846 1922 sidera

242 1947 476 1995 stationes
502 1960 832 2011 recursusque
857 1946 1130 2008 patiuntur,
1170 1944 1253 1994 Sol
1282 1959 1399 1993 uero
1426 1945 1661 2007 Lunaque
1699 1957 1847 1992 cursu
1872 1953 1915 1987 25

243 2017 473 2064 continuo
500 2017 776 2080 rapiuntur.
839 2018 955 2064 item
983 2015 1105 2064 haec
1142 2015 1326 2063 lumina
1361 2014 1551 2063 uicibus
1578 2013 1846 2063 obscuran-

242 2087 364 2134 tium
400 2085 734 2142 occultantur,
776 2087 991 2150 quinque
1030 2100 1152 2134 uero
1201 2086 1361 2134 sidera
1410 2085 1634 2132 nesciunt
1674 2083 1846 2132 obum-

241 2155 392 2203 brari.
469 2156 562 2204 tria
600 2157 719 2203 item
748 2171 806 2204 ex
833 2156 908 2204 his
943 2170 1055 2204 cum
1083 2154 1196 2203 Sole
1223 2153 1458 2219 Lunaque
1485 2153 1656 2202 orbem
1684 2158 1846 2201 terrae

243 2226 575 2281 circumeunt,
628 2227 792 2274 Venus
842 2239 963 2273 uero
1027 2238 1083 2273 ac
1133 2224 1406 2273 Mercurius
1466 2237 1566 2271 non
1625 2222 1847 2271 ambiunt

240 2302 444 2345 terram.
1871 2303 1916 2335 30

386 2365 522 2414 Licet
547 2364 844 2429 generaliter
870 2364 1126 2414 sciendum
1162 2365 1347 2413 cunctis
1385 2361 1587 2411 orbibus
1622 2360 1849 2426 planeta-

356 2593 382 2631 2
412 2590 586 2631 ratatio
609 2593 639 2631 d
673 2587 694 2644 Il
732 2591 759 2630 4
790 2593 871 2630 aut
890 2589 1000 2630 luna
1021 2586 1081 2629 Β1
1120 2585 1139 2642 Η
1179 2589 1204 2628 5
1237 2588 1556 2639 circumagunt
1577 2586 1599 2626 b
1626 2582 1647 2640 ΙΙ
1687 2587 1738 2626 10
1768 2598 1848 2637 pe-

243 2647 657 2699 riphathetieorum
687 2646 770 2687 BR
817 2642 838 2700 [Ι
890 2647 937 2686 11
971 2646 1130 2685 doema
1163 2643 1205 2683 B
1243 2641 1264 2697 1}
1305 2645 1354 2683 12
1385 2647 1631 2696 potuerunt
1652 2641 1688 2681 R
1715 2644 1845 2693 pote-

242 2706 349 2743 runt
378 2702 421 2743 B
459 2706 675 2756 poterant
705 2703 729 2742 b
777 2698 796 2756 Η
854 2703 908 2742 21
939 2700 1235 2754 dispensatur
1264 2700 1288 2740 b
1327 2699 1607 2751 depensatur
1636 2695 1718 2737 BR
1755 2696 1847 2735 dis-

242 2761 495 2810 pensantur
522 2772 547 2798 r
594 2756 613 2812 [Ι
662 2760 716 2800 25
749 2759 976 2798 stationes
1006 2758 1031 2797 b
1080 2755 1359 2796 stationibus
1388 2754 1431 2794 B
1479 2752 1696 2794 stationis
1727 2753 1764 2793 R
1810 2749 1830 2806 Η

244 2817 297 2854 26
336 2816 679 2855 obscurantium
709 2827 823 2855 corr.
855 2816 900 2854 in
930 2814 1234 2854 obscurantur
1253 2811 1296 2851 B
1337 2812 1385 2851 οἱ·
1421 2809 1715 2851 occultantur
1745 2809 1850 2848 add.

243 2869 267 2909 b
307 2867 326 2923 Η
374 2872 427 2911 27
459 2871 625 2922 sydera
648 2871 688 2911 B
737 2868 756 2924 Η
804 2872 858 2911 28
889 2870 1001 2909 item
1023 2868 1104 2909 BR
1132 2868 1273 2920 igitur
1301 2881 1325 2906 r
1361 2861 1381 2919 ss
1432 2884 1435 2886 ·
