1982 3230
288 62 394 115 408
921 61 1188 104 scHOLIA
1217 62 1283 104 m
1887 64 1891 66 -
1975 78 1979 81 ὓ

291 205 498 270 possint,
526 211 579 252 ut
606 202 830 253 consulte
855 204 1038 267 figuras
1063 203 1364 253 inmutarent
1387 205 1438 252 in
1460 219 1604 270 quam
1625 205 1734 271 quis
1753 205 1904 264 uellet

292 290 380 324 seu
406 274 587 322 bestias
623 288 710 322 seu
745 272 1000 323 uolucrem
1038 274 1224 338 piscem
1260 275 1526 338 pecudem,
1564 275 1680 324 dum
1705 281 1904 343 tempus

293 344 353 394 ad
381 342 717 392 ulciscendum
745 358 797 392 se
825 344 1124 393 ostenderet.
1177 359 1389 408 namque
1423 351 1583 395 terras
1615 345 1900 412 relinquere

290 428 389 462 non
421 412 527 461 dari
558 419 848 477 potestatem
881 413 1247 472 inmortalibuS,
1295 415 1554 465 considere
1593 423 1758 466 autem
1787 431 1899 466 cum

291 482 562 533 sceleribus
601 485 705 533 eius
743 484 999 548 indignum
1037 484 1243 533 deorum
1269 486 1550 548 potestatiS‚
1588 486 1674 536 sed
1708 488 1897 536 ratione
1919 500 1946 535 5

288 554 465 617 impios
492 569 678 618 poenas
715 555 935 618 pendere
963 555 1114 604 diuini
1149 554 1353 604 consilii.
1410 557 1576 620 itaque
1610 556 1898 606 inmortales

288 624 486 673 mutatis
521 625 691 688 figuris
736 619 890 688 ignoti
926 624 1179 690 Typhonis
1214 632 1326 675 ante
1362 625 1532 675 oculos
1570 626 1746 676 crebro
1784 641 1897 676 uer-

290 693 550 750 sabantur,
589 695 720 744 unde
758 695 918 745 adhuc
954 695 1132 745 multas
1167 695 1349 745 bestias
1374 712 1466 760 pro
1495 696 1597 745 deis
1631 695 1900 746 obseruant

291 763 557 829 coluntque
583 765 822 830 Aegyptii.
865 781 922 815 eo
949 765 1154 829 Typhon
1184 768 1412 815 conuenit
1440 773 1487 816 et
1508 767 1752 816 neminem
1781 767 1897 816 deo-

289 849 399 883 rum
426 834 494 883 ibi
519 835 655 884 uidet
681 835 934 884 aduersari
960 835 1179 891 sibimet,
1220 851 1427 885 uacuam
1454 843 1638 886 terram
1665 837 1896 900 cognouit
1921 851 1965 886 ιο

290 904 669 955 dominantibus.
745 905 1010 955 arbitratus
1046 906 1165 956 deos
1201 921 1253 954 se
1289 907 1473 956 ueritos
1508 907 1656 956 fuisse
1693 912 1898 971 propter

288 981 473 1024 metum
512 975 858 1028 dominabatur
904 980 950 1024 et
982 976 1224 1039 inperitus
1267 976 1492 1025 fortunae
1526 978 1814 1026 uarietatem
1849 982 1928 1030 et.

288 1044 498 1110 periculi
532 1047 760 1095 instantis
802 1045 1204 1110 magnitudinem.
1254 1060 1367 1095 nam
1395 1053 1506 1110 post
1530 1045 1682 1095 XVIII
1715 1046 1818 1095 dies
1843 1051 1898 1095 ut

287 1115 464 1164 dicitur
502 1115 703 1165 consilio
739 1117 884 1166 deum
924 1118 1184 1180 repentino
1222 1116 1282 1165 ab
1312 1117 1387 1166 dis
1414 1117 1703 1179 discerptus
1758 1115 1820 1164 ob
1845 1115 1896 1171 id

156 1198 261 1238 71B
284 1185 464 1235 factum
491 1186 739 1250 hodieque
766 1201 961 1251 quoque
996 1187 1046 1234 in
1072 1186 1290 1251 Aegypto
1326 1187 1416 1236 hos
1443 1186 1545 1235 dies
1569 1185 1718 1235 XVIII
1744 1186 1894 1236 festos
1917 1199 1982 1265 ¹⁵·

279 1258 549 1320 'perpetuos
577 1257 851 1320 quodannis
877 1257 1209 1305 institueruut.
1256 1258 1307 1304 in
1330 1255 1508 1320 quibus
1535 1255 1706 1306 diebus
1732 1255 1900 1318 siquid

279 1327 499 1374 nascitur
526 1326 737 1391 amplius
765 1342 910 1390 quam
951 1341 1034 1375 eos
1061 1326 1164 1375 dies
1191 1341 1291 1374 non
1317 1328 1454 1375 uiuit.
1504 1325 1697 1392 Python
1732 1330 1893 1375 autem

279 1396 571 1445 interficitur
599 1398 647 1444 in
674 1396 857 1460 templo
884 1397 1092 1460 Aegypti
1118 1396 1357 1459 Memphi,
1402 1395 1487 1445 ubi
1512 1411 1619 1445 mos
1655 1395 1744 1444 fuit
1769 1393 1891 1444 solio

278 1467 416 1529 regio
454 1466 678 1515 decorari
716 1481 859 1531 reges
906 1467 989 1530 qui
1023 1480 1176 1529 regna
1210 1467 1396 1515 ineunt.
1464 1465 1532 1514 ibi
1577 1466 1707 1514 enim
1741 1465 1893 1514 sacris

277 1536 552 1586 initiantur:
577 1538 791 1600 primum
812 1543 866 1586 ut
885 1535 1061 1584 dicitur
1081 1537 1196 1585 satis
1216 1535 1443 1599 religiose
1462 1536 1728 1584 tunicatum
1750 1541 1892 1584 tauro
1915 1548 1962 1581 20

279 1621 425 1670 quem
453 1607 595 1670 Apim
632 1606 879 1671 appellant
913 1607 1081 1668 iugum
1115 1611 1339 1669 portare,
1394 1620 1540 1670 quem
1567 1605 1714 1654 deum
1740 1605 1892 1654 maxi-

276 1691 413 1725 mum
425 1677 648 1740 Aegyptii
669 1678 956 1726 existimant.
981 1682 1029 1724 et
1049 1691 1160 1725 eum
1180 1690 1269 1739 per
1290 1677 1454 1724 uicum
1475 1690 1626 1724 unum
1649 1689 1893 1738 quemque

277 1747 633 1808 perducentes,
681 1756 735 1796 ut
768 1746 939 1796 labore
974 1747 1121 1809 periti
1158 1747 1518 1795 existimentur:
1559 1750 1619 1794 ut·
1648 1746 1891 1794 humanae

391 1916 411 1953 1
446 1918 496 1953 ut
529 1914 734 1954 consulte
767 1913 924 1965 Breys.
965 1914 1222 1954 inconsulte
1259 1914 1292 1954 C
1335 1911 1354 1967 Η
1402 1916 1427 1953 2
1466 1914 1686 1966 pecodem
1715 1916 1758 1955 B
1795 1913 1815 1971 ss
1864 1909 1907 1958 3'

277 1970 518 2010 ostendere
558 1970 600 2009 B
647 1966 666 2022 ΙΙ
713 1971 741 2009 4
779 1969 1103 2010 inmortalibus
1142 1970 1377 2010 Merkelius
1423 1970 1734 2011 inmortalium
1775 1973 1808 2013 C
1852 1969 1872 2026 ΙΙ

278 2025 516 2066 considere
538 2025 773 2065 Merkelius
805 2025 1032 2078 configere
1068 2026 1101 2066 G
1126 2023 1144 2079 ΙΙ
1174 2027 1199 2065 6
1229 2039 1404 2078 poenas
1435 2026 1635 2079 pendere
1657 2027 1890 2070 Merkecius

219 2132 222 2134 ·
273 2082 437 2189 Ξᾞῖῗῗ·
466 2081 1159 2177 ῗὲὲῖῖῗοῆῗενῖζῗῑῖῗὲὼὲ0ῗᾷᾛί
1188 2066 1448 2190 ᾖρῖῗῖῗὲἑῗε
1462 2083 1520 2177 Cp
1542 2079 1569 2192 ¹1
1602 2083 1890 2194 ἑωᾱῖἒῗῗῙῗΓ

275 2194 300 2233 9
333 2171 521 2244 aegypti
552 2192 595 2231 B
632 2189 651 2246 Η
692 2195 745 2234 10
775 2193 911 2232 simet
932 2150 984 2231 gB
1020 2189 1044 2246 ss
1083 2195 1133 2232 12
1166 2151 1407 2245 inpaffatus
1441 2194 1496 2232 ad
1536 2195 1567 2235 f.
1595 2186 1889 2236 'uarietatem

274 2248 511 2288 Merkelius
542 2249 779 2301 imperitus
811 2249 844 2291 f.
873 2249 1119 2288 uarietatis
1141 2249 1416 2289 Strozzianus
1438 2247 1564 2299 (teste
1585 2249 1780 2303 Breys.)‚
1810 2253 1891 2292 sed

274 2308 412 2344 ‘arma
442 2306 656 2358 uirumque
682 2305 867 2356 peritus'
900 2318 958 2345 ear:
988 2305 1179 2345 Ausonio
1212 2304 1366 2357 (epigr.
1402 2307 1500 2351 137,
1535 2307 1578 2357 1)
1610 2311 1653 2345 et
1691 2309 1778 2347 ‘nil
1805 2309 1887 2347 iam

272 2361 369 2400 mihi
389 2364 491 2401 noui
521 2358 527 2413 l
561 2362 715 2414 offerri
740 2366 857 2412 pote,
918 2362 988 2400 uin
1017 2364 1093 2400 sim
1119 2362 1308 2412 perita-9²
1341 2374 1400 2400 ex
1429 2361 1581 2401 Plauto
1614 2361 1757 2414 (Pers.
1783 2362 1886 2414 270)

272 2418 447 2456 laudant
485 2414 505 2470 Η
544 2417 775 2457 uarietate
806 2416 849 2455 B
886 2413 894 2469 Ι
947 2417 999 2456 14
1031 2416 1223 2457 consilio
1254 2416 1489 2457 Merkelius
1521 2417 1759 2458 consilium
1790 2418 1824 2459 G

274 2485 301 2511 a
331 2472 373 2511 B
402 2469 420 2526 Η
460 2473 687 2513 discertus
720 2472 761 2512 B
791 2469 810 2525 ΙΙ
851 2474 904 2513 15
934 2471 1069 2512 hodie
1101 2472 1144 2511 B
1178 2469 1196 2526 Η
1233 2474 1284 2512 16
1317 2472 1423 2524 quid
1454 2475 1554 2516 add.
1586 2473 1822 2514 Mer-helius

275 2530 327 2568 17
360 2529 535 2581 phyton
565 2530 606 2568 P
642 2526 660 2582 Η
701 2531 858 2568 autem
889 2541 965 2569 om.
998 2529 1041 2567 P
1077 2525 1094 2581 Η
1136 2530 1188 2570 18
1219 2530 1266 2568 in
1298 2528 1467 2581 templo
1498 2528 1657 2580 Apidis
1687 2530 1884 2570 Iablons—

270 2584 364 2625 Itius
412 2581 431 2638 Η
482 2587 534 2626 19
573 2585 784 2626 decorari
822 2584 999 2624 Rothius
1036 2586 1078 2624 z‘n
1115 2597 1248 2637 mary.
1281 2598 1432 2637 apogr.
1471 2586 1565 2626 cod.
1595 2584 1638 2623 B
1675 2585 1885 2626 decorati

271 2640 313 2678 B
350 2637 370 2694 Η
409 2643 464 2681 20
493 2645 544 2680 ut
574 2654 688 2682 corr.
722 2643 763 2680 in
795 2641 842 2679 in
870 2640 913 2678 B
947 2636 967 2693 Η
1005 2640 1232 2692 relegiose
1263 2640 1305 2679 B
1345 2637 1366 2694 Π
1406 2641 1662 2693 tunigatum
1690 2641 1734 2680 B
1763 2642 1883 2681 toni·

274 2699 427 2736 catum
457 2698 499 2737 P
543 2693 563 2750 Π
611 2699 663 2737 22
697 2698 883 2749 aegypti
913 2695 955 2734 B
1002 2693 1020 2749 ΙΙ
1073 2699 1118 2736 et
1149 2709 1251 2736 eum
1283 2694 1394 2747 (scil.
1425 2695 1573 2748 Apim)
1611 2709 1692 2748 per
1730 2697 1883 2736 uicum

270 2763 637 2806 unumquemque
675 2753 977 2806 perducentes
1007 2752 1143 2794 Bizclz.
1189 2753 1430 2804 uicumque
1461 2763 1596 2791 unum
1627 2752 1881 2805 perducen-

270 2811 342 2847 tes
376 2808 408 2848 G
445 2805 465 2861 {l
504 2810 558 2849 23
589 2812 640 2848 ut
668 2810 790 2852 hum.
822 2820 923 2848 nec.
953 2810 1112 2861 scripsi
1141 2809 1262 2852 hum.
1295 2821 1396 2872 nec.
1427 2811 1477 2847 ut
1508 2806 1542 2846 C
1578 2804 1597 2860 Η
