1982 3230
833 56 1021 99 LIBER
1047 57 1113 99 vt
1629 54 1740 110 249

43 232 50 238 -
127 210 272 269 atque
306 200 576 267 productae
613 200 662 248 in
697 199 939 249 infinitum
975 197 1107 248 nulla
1142 204 1283 263 parte
1325 198 1375 248 in
1409 212 1462 248 se
1498 197 1735 249 incidunt.

43 263 47 269 ’
127 275 310 324 dictum
361 271 423 321 de
472 268 810 334 tetrapleuriS,
863 283 1077 333 quorum
1127 268 1392 319 similitudo
1443 267 1735 335 polypleura

12 381 28 410 ..ἶ
126 344 376 394 schemata
395 346 556 405 potest
576 339 772 390 docere.
819 341 866 389 in
885 340 961 388 his
987 346 1148 389 autem
1175 346 1453 404 pentagona
1478 339 1736 403 hexagona

9 410 31 461 ’λ’
129 422 176 464 et
202 418 367 464 cetera
395 410 754 476 euthygrammi
780 411 975 474 generis
1003 406 1333 459 continentur.

4 482 34 571 ξ
85 498 106 530 5
270 482 503 548 Sequitur
530 481 800 530 secundum
837 480 1142 530 schematum
1181 494 1361 542 genuS,
1400 481 1530 543 quod
1568 482 1737 531 curuis
1767 495 1860 537 713

127 553 267 603 lineis
288 551 597 607 informatur,
619 551 749 614 quod
771 548 1260 613 καμπυλόγραμμον
1280 549 1573 614 appellatur,
1598 553 1736 601 cuius

127 623 317 688 species
343 621 467 671 duae
495 627 622 670 sunt.
665 636 761 670 una
783 635 909 684 quae
934 621 1114 684 integri
1141 619 1314 670 circuli
1339 622 1556 671 rationes
1582 627 1733 679 tenet,

125 709 240 744 nam
285 694 478 755 integer
516 697 590 741 est
634 707 746 740 cum
786 691 846 740 ad
894 691 999 740 eius
1042 691 1491 741 circumferentiam
1538 690 1598 740 ab
1635 707 1735 741 uno

13 817 31 828 ω
127 762 334 814 centrali
359 763 518 812 lineae
544 767 801 826 protentae
827 760 1046 826 undique
1073 760 1304 826 aequales
1329 761 1423 811 sibi
1450 768 1579 812 sunt.
1643 761 1736 812 alia

0 807 35 907 ξ
65 849 104 882 ιο
128 849 252 899 quae
279 833 482 883 obducti
512 831 683 881 circuli
710 832 1023 881 diuersitates
1049 832 1277 882 ostendit.
1352 833 1551 882 tertium
1578 846 1736 896 genus
1767 849 1851 890 714

0 909 31 964 ,ἰᾷ
128 911 202 955 est
245 903 503 969 planorum
551 902 886 964 schematum,
933 902 1065 966 quod
1112 901 1293 965 μικτόν
1330 909 1526 952 uocant.
1602 903 1736 968 quod

126 976 305 1039 partim
327 975 495 1024 curuis
516 972 672 1029 lineiS,
694 974 873 1037 partim
896 973 1094 1023 directis
1113 972 1397 1029 includitur,
1427 980 1480 1022 ut
1501 979 1574 1022 est
1594 974 1738 1023 semi-

128 1044 369 1106 circuluS‚
408 1045 546 1093 cuius
573 1050 626 1092 ut
657 1058 807 1107 supra
834 1044 934 1093 dixi
968 1058 1143 1107 gyrum
1180 1059 1333 1093 curua
1374 1043 1500 1093 linea
1536 1045 1654 1094 facit
1689 1050 1738 1094 et

0 1134 21 1169 ,ι’
130 1114 223 1164 alia
252 1115 454 1171 directa,
483 1129 609 1177 quae
636 1113 763 1163 linea
792 1115 860 1163 sic
893 1122 948 1164 ut
974 1115 1072 1164 dixi
1107 1112 1386 1178 διάμετρος
1414 1115 1604 1172 dicitur,
1646 1114 1736 1164 La-

4 1188 23 1244 ,³⁴³
65 1199 105 1232 15
127 1187 228 1235 tine
254 1184 595 1250 (listermina,>
622 1198 746 1247 quae
772 1184 811 1232 si
837 1185 885 1233 in
914 1184 1099 1234 circulo
1122 1184 1267 1247 pleno
1296 1186 1371 1238 sit,
1399 1200 1490 1250 per
1511 1191 1737 1234 centrum

130 1257 235 1305 eius
261 1256 320 1305 ad
348 1261 611 1317 utramque
639 1255 1087 1304 circumferentiam
1116 1256 1356 1317 peruenit.
1751 1261 1900 1302 2316*-

0 1304 18 1376 i
270 1326 325 1375 In
361 1325 437 1374 his
474 1324 739 1387 generibus
786 1323 1045 1388 planorum
1084 1325 1176 1377 alia
1214 1325 1465 1374 schemata
1505 1325 1737 1375 dicuntur
1769 1332 1850 1372 715

130 1397 384 1460 ergastica‚
414 1394 507 1444 alia
535 1394 822 1459 apodictica.
902 1396 1146 1458 ergastica
1172 1400 1301 1453 sunt,
1330 1410 1456 1459 quae
1484 1395 1738 1446 faciendae

129 1465 387 1516 cuiuslibet
422 1466 611 1515 formae
650 1471 914 1530 praecepta
956 1466 1222 1515 continent.
1300 1466 1574 1529 apodictica
1612 1481 1738 1530 quae

64 1549 106 1582 20
130 1536 372 1602 probandi
410 1535 543 1600 quod
582 1542 869 1586 asseuerant
905 1536 1136 1586 adferunt
1176 1536 1487 1586 documenta.
1559 1552 1738 1587 uerum

130 1608 331 1657 Graecis
365 1606 648 1656 nominibus
685 1607 755 1656 sic
800 1605 1125 1670 appellantur.
1189 1609 1379 1671 primus
1416 1606 1733 1664 (υετατικόε,

130 1677 379 1727 secundus
411 1675 743 1739 τμηματικόε,
770 1679 945 1726 tertius
966 1676 1297 1740 ἀνάγραφοε,
1323 1684 1526 1741 quartus
1548 1676 1738 1741 ἔγγρα-

130 1762 255 1811 φος,
285 1749 483 1812 quintus
503 1746 855 1811 περίγραφοε,
885 1753 1050 1797 sextus
1068 1746 1472 1811 παρεμβολικόε,
1502 1750 1739 1813 septimus

0 1816 20 1869 ἢ
129 1815 550 1881 προεευρετικόε.
625 1815 939 1880 τμηματικόε
976 1823 1049 1867 est
1088 1819 1170 1882 qui
1198 1818 1342 1867 docet
1378 1818 1556 1882 quihus
1591 1833 1739 1882 argu-

9 1915 13 1918 -
66 1899 110 1933 25
132 1890 311 1938 mentis
347 1887 499 1937 lineas
540 1888 883 1951 praecidamus
921 1888 980 1936 ad
1026 1890 1322 1952 imperatum
1371 1889 1589 1939 modum.
1654 1905 1739 1940 cu-

7 1958 11 1962 ”
132 1957 368 2009 ετατικόε
404 1958 581 2007 dicitur
617 1974 714 2023 quo
742 1958 973 2015 docetur,
1011 1959 1191 2023 quibus
1227 1961 1531 2022 argumentis
1557 1975 1739 2024 propo-

2 1726 19 1750 c<
2 1658 15 1690 >e
0 1485 24 1636 amm-f«
0 1370 22 1475 *aas

244 2100 269 2138 2
301 2097 394 2151 poli
429 2097 560 2139 leura
583 2099 619 2137 D
660 2095 678 2152 Η
726 2102 752 2139 3
784 2102 991 2139 scemata
1013 2099 1098 2139 BD
1139 2097 1157 2154 Η
1204 2103 1470 2153 pentegona
1492 2101 1532 2140 D
1572 2098 1591 2154 ΙΙ
1633 2114 1739 2141 exa-

128 2153 356 2264 ΞἛἿΙΒΘΒ
371 2150 931 2253 κᾸΝῗιέῗὸῗ-ᾎἫνιωινῗοῖ
954 2154 1741 2255 ΞἮῘὲᾸὲῙῆᾞἏέι-ιῌκὰῗαιᾶῗέῗω

132 2269 154 2307 7
181 2272 282 2319 post
313 2267 496 2321 integer
526 2270 626 2309 add.
662 2274 732 2310 est
763 2269 848 2309 BD
896 2266 915 2323 ΙΙ
965 2271 1017 2311 10
1046 2277 1146 2322 post
1176 2271 1382 2311 ostendit
1411 2272 1514 2313 add.
1548 2271 1581 2310 k
1611 2270 1653 2309 B

133 2324 183 2363 ll
217 2328 468 2364 scematum
497 2324 581 2364 BD
645 2321 663 2377 ΙΙ
728 2327 779 2366 12
826 2329 1003 2379 partem
1035 2327 1098 2367 bis
1129 2326 1232 2367 B¹D
1283 2324 1302 2380 Η
1359 2326 1557 2367 includit
1587 2327 1654 2366 bl)

133 2380 185 2419 13
216 2379 360 2431 girum
383 2381 422 2419 J)
471 2377 490 2433 Η
541 2382 593 2420 14
623 2382 872 2422 diametros
895 2382 978 2421 BD
1027 2379 1046 2436 Η
1096 2384 1148 2424 15
1180 2383 1502 2423 disterminato
1526 2384 1565 2422 D
1597 2382 1738 2422 dime-

130 2435 252 2474 tiens
284 2438 391 2478 com‘.
414 2436 650 2488 Bo'tlyerus
671 2439 699 2477 l.
723 2440 751 2478 l.
801 2435 821 2491 Η
869 2440 921 2478 21
954 2439 1204 2490 systatieus
1227 2439 1309 2479 BR
1358 2437 1376 2493 Η
1426 2441 1479 2479 22
1512 2449 1740 2490 τμηματι-

130 2489 213 2532 κόε
245 2497 287 2531 et
314 2492 380 2532 hie
414 2498 457 2532 et
482 2498 635 2543 postea
659 2493 830 2534 Grotius
860 2494 1174 2535 itmematicus
1195 2495 1276 2534 BR
1325 2492 1344 2548 Η
1395 2495 1686 2548 anagraphos
1716 2495 1741 2535 b

133 2548 427 2601 anagraphas
450 2548 531 2588 BR
570 2545 588 2602 Η
637 2549 896 2601 eugraphos
918 2550 942 2589 b
974 2551 1236 2603 eng-raphas
1258 2550 1340 2590 BR
1377 2551 1384 2604 Ι
1446 2553 1500 2592 23
1530 2551 1740 2604 perigra-

132 2603 247 2655 phos
278 2603 301 2643 b
343 2605 648 2657 perigraphas
679 2604 761 2645 BR
809 2601 828 2658 Η
884 2606 1226 2658 parembolieus
1257 2606 1340 2646 BR
1402 2604 1407 2660 Ι
1464 2608 1741 2660 proseureti-

135 2672 215 2699 cus
236 2659 318 2700 BR
342 2658 736 2713 (proseuretibcus
758 2659 835 2712 B1)
867 2658 887 2714 Η
913 2661 1204 2713 τμηματικόε
1229 2663 1401 2702 Grotius
1433 2663 1681 2716 systaticus
1702 2664 1743 2704 R

133 2715 356 2766 systatias
387 2716 429 2755 B
477 2714 496 2770 Η
551 2718 605 2758 25
651 2716 921 2758 ευετατικόε
956 2717 1129 2758 Grotius
1172 2718 1484 2760 itmematieus
1517 2717 1650 2771 (corr.
1683 2734 1747 2761 ex

138 2771 447 2825 anagraphos)
471 2774 512 2812 B
543 2774 852 2814 itmematicos
883 2774 921 2814 R
969 2770 988 2827 Η
1027 2775 1081 2813 26
1114 2774 1409 2827 anagraphos
1440 2775 1520 2826 (ita
1540 2778 1664 2817 etiam
1684 2777 1740 2828 R)

135 2825 303 2868 dieitur
334 2842 420 2881 quo
453 2829 645 2870 docetur
676 2843 754 2870 om.
779 2829 835 2869 B¹
885 2827 905 2883 ll
962 2831 1130 2871 dicitur
1161 2844 1238 2871 om.
1260 2831 1299 2871 R
1338 2827 1356 2885 ΙΙ
