1982 3230
0 0 144 278 Γ
611 124 695 166 DE
726 123 920 167 PRIMO
949 122 1137 165 LIBRO
1483 122 1686 165 XXXIII

0 260 26 315 7⁴
211 253 394 304 Omitto
441 252 660 317 priorem
707 252 857 317 primi
891 250 1006 300 libri
1051 256 1244 316 partem
1289 248 1484 300 fabulae
1531 251 1685 315 ipsius

4 347 17 354 '⁴
67 339 270 404 eiusque
295 351 396 388 non
430 342 531 386 tam
557 336 715 386 facete
741 336 881 386 fictae
908 342 962 385 ut
988 351 1134 401 quem
1162 336 1431 386 Martianus
1466 336 1685 385 imitatus

0 417 4 420 ’
66 424 128 472 sit
164 422 503 487 quaerendum
538 421 765 472 uideatur
801 420 1057 470 exordium
1092 422 1442 471 continentem.
1508 420 1684 471 deinde

68 523 188 559 uero
225 507 460 573 quidquid
497 506 557 555 de
593 505 1167 555 reconditioredeorum
1205 511 1379 555 natura
1418 505 1685 556 Martianus
1716 510 1722 519 “

67 592 279 644 obscure
306 591 599 658 plerumque
635 591 796 640 innuit
822 589 1158 640 Varronianae
1185 590 1440 639 doctrinae
1477 591 1684 655 uestigia

65 692 187 743 prae
213 693 265 727 se
293 677 458 727 ferunt
483 675 636 726 ueluti
662 691 710 740 p.
745 672 824 736 15,
852 671 920 724 27
949 689 1020 739 sq.
1059 675 1118 724 de
1157 675 1233 724 his
1259 675 1487 724 Martiani
1512 675 1683 725 uerbis

0 747 2 818 ᾗ
65 763 194 812 haee
227 776 341 814 eum
365 764 496 812 Iuno
522 763 717 822 adfixa,
760 766 814 810 ut
852 761 1165 810 adhaerebat
1190 763 1397 811 elatiori
1408 763 1684 823 plurimum

0 838 6 893 Ῐ
64 847 204 908 Ioui,
247 847 520 897 adclinatis
556 848 663 896 eius
701 847 911 896 auribus
948 849 1208 896 intimaret
1232 848 1295 895 de
1324 848 1540 907 quodam
1558 861 1685 908 pur-

63 933 282 995 aatioris
319 934 712 992 uibratiorisque
738 934 944 981 luminis
962 935 1089 993 loce,
1132 933 1351 994 adlapsa
1370 934 1548 980 sensim
1570 932 1686 980 Pal-

65 1018 143 1066 las
201 1031 414 1067 corusca
463 1018 723 1066 deseendit
769 1023 919 1078 atque
965 1020 1038 1066 ita
1094 1023 1148 1066 ut
1194 1018 1464 1066 uidebatur
1510 1018 1691 1066 uertici

66 1102 262 1151 Iouiali
319 1103 587 1151 inhaerere
633 1103 971 1162 superuolans
1018 1103 1222 1150 tandem
1279 1103 1500 1150 constitit
1536 1102 1685 1150 subli-

66 1188 224 1235 miore
262 1188 476 1247 quodam
515 1188 714 1235 adnixa
751 1192 988 1247 suyyestu
1024 1186 1245 1250 Koppius
1283 1185 1334 1250 (p
1362 1182 1445 1249 83)
1485 1185 1685 1235 adnotat

65 1284 94 1319 e
122 1271 341 1320 Diodoro
376 1272 503 1320 haee
540 1272 767 1320 hausisse
802 1272 1021 1326 uidetur,
1063 1270 1181 1319 mihi
1222 1271 1384 1333 potius
1410 1276 1510 1318 tota
1538 1285 1621 1319 res
1659 1285 1684 1319 a

67 1353 289 1404 Varrone
326 1356 475 1418 petita
510 1354 733 1411 uidetur,
787 1354 835 1403 id
872 1355 1002 1420 quod
1037 1361 1170 1420 patet
1206 1370 1263 1404 ex
1301 1354 1410 1404 loco
1448 1353 1685 1404 Varronis

64 1438 193 1502 apud
230 1439 555 1504 Augustinum
592 1438 706 1488 libri
746 1439 805 1489 de
844 1441 936 1489 eiu.
982 1441 1062 1489 dei
1097 1440 1195 1498 VII,
1227 1437 1308 1490 16.
1361 1445 1515 1489 totum
1553 1440 1685 1489 enim

65 1522 161 1573 hoc
187 1523 454 1590 capitulum
481 1525 816 1575 varronianae
852 1524 1108 1576 doctrinae
1136 1524 1335 1590 plenum
1372 1539 1480 1574 esse
1514 1525 1685 1574 rectis·

63 1609 188 1659 sime
223 1609 457 1659 iudicauit
494 1609 816 1660 Franckenus
855 1610 1046 1676 (fragm.
1085 1611 1318 1660 Varronis
1354 1610 1484 1675 apud
1520 1610 1685 1674 Augu-

62 1694 247 1743 stinum
274 1694 334 1743 de
361 1695 454 1744 ciu.
484 1695 562 1744 dei
589 1695 744 1759 Lugd.
774 1696 828 1746 Β.
863 1693 999 1746 1836
1027 1712 1074 1761 p.
1104 1694 1213 1762 87):
1261 1697 1482 1761 sequitur
1519 1701 1685 1744 autem

67 1792 178 1828 cum
217 1794 275 1829 ex
310 1784 414 1828 toto
454 1795 624 1829 rerum
663 1779 831 1829 habitu
868 1788 974 1829 tum
1022 1797 1080 1830 ex
1118 1779 1328 1844 capitulo
1368 1778 1431 1829 17
1470 1780 1563 1836 in.;
1615 1778 1686 1828 ibi

66 1877 175 1913 cum
206 1865 477 1914 Varronem
504 1863 671 1914 laudet
706 1866 889 1928 apertis
924 1864 1092 1914 uerbis
1118 1864 1260 1914 facile
1287 1864 1534 1928 colligitur
1562 1879 1686 1929 quae

6 1957 10 1960 ’
65 1946 231 2012 paullo
270 1955 408 1998 antea
447 1950 718 2012 generatim
748 1949 808 1998 de
833 1963 1142 2014 paganorum
1181 1949 1497 2013 opinionibus
1534 1964 1685 2013 expo-

52 2038 235 2082 ·suerat
269 2032 329 2081 ad
378 2033 589 2083 eundem
626 2039 850 2098 spectare
886 2033 1159 2084 Varronem
1195 2036 1374 2099 ipsum.
1440 2035 1526 2084 ubi
1572 2051 1684 2085 eum

65 2115 260 2181 legatur
288 2118 575 2168 Mineruam
593 2122 744 2168 etiam
768 2122 887 2180 quia
917 2134 1027 2169 eam
1050 2122 1284 2170 humanis
1314 2122 1509 2169 artibus
1524 2135 1682 2183 prae-

56 2209 342 2264 posuerunt
367 2217 460 2253 nee
497 2206 801 2254 inuenerunt
837 2207 919 2254 uel
942 2207 1140 2255 stellam
1179 2207 1266 2255 ubi
1300 2219 1408 2254 eam
1431 2211 1687 2267 ponerent

65 2289 279 2336 eandem
304 2290 387 2337 uel
410 2303 652 2339 summum
689 2291 902 2339 aethera
928 2292 1011 2339 uel
1035 2293 1186 2340 etiam
1212 2292 1387 2340 lunam
1414 2305 1519 2340 esse
1540 2292 1684 2340 dixe-

65 2377 200 2427 runt,
229 2376 362 2435 patet
382 2372 968 2435 MartianumMineruam
996 2390 1237 2425 summum
1258 2377 1510 2424 aetherem
1531 2377 1682 2438 signi-

66 2455 216 2504 ficare
243 2456 458 2506 uoluisse
488 2459 670 2523 quippe
698 2473 846 2521 quam
871 2461 1161 2510 sublimiore
1186 2462 1405 2522 quodam
1435 2462 1686 2509 [adnixam

65 2547 304 2602 suyqestu
340 2542 642 2607 depingeret.
692 2531 921 2607 Iuppiter*
950 2544 1127 2594 deinde
1152 2545 1425 2594 secundum
1463 2549 1682 2594 ueterem

68 2623 446 2689 explicationem
483 2628 612 2692 apud
638 2629 929 2679 Martianum
967 2630 1172 2678 inferior
1209 2630 1426 2678 aetheris
1451 2643 1568 2693 pars
1597 2635 1682 2686 est,

4 2756 8 2774 ,-
65 2708 187 2757 1000
215 2725 314 2760 aer.
375 2718 637 2776 praeterea
672 2713 770 2763 huc
795 2714 911 2764 fac-it
935 2714 1138 2778 August.
1170 2714 1230 2762 de
1258 2715 1351 2762 eiu.
1381 2713 1458 2762 dei
1484 2712 1586 2770 1111,
1620 2711 1686 2763 10

64 2808 160 2844 eur
196 2797 273 2845 illi
296 2799 450 2847 etiam
476 2799 608 2849 Iuno
647 2814 782 2849 uxor
808 2801 1126 2861 adiunqitar,
1170 2813 1299 2860 quae
1325 2801 1514 2848 dieitur
1538 2814 1686 2849 soror

66 2884 116 2928 et
140 2883 380 2931 coniunx.
430 2886 550 2944 quia
575 2885 765 2948 Iouem,
807 2887 1058 2947 inquiunt,
1101 2887 1154 2933 in
1182 2885 1384 2933 aethere
1409 2887 1684 2947 accipimus

156 2989 427 3022 »numanus
451 2994 659 3024 CAPELLA
1314 2985 1339 3018 ⁰
