1982 3230
190 367 273 408 331

170 1134 280 1175 96&

198 1277 280 1317 332

305 67 408 120 100
777 67 1077 110 MARTIANI
1106 67 1425 111 GAPELLAE

307 212 615 276 gymnasium
663 215 809 274 atque
845 210 1053 259 Atticam
1099 209 1352 260 demeasse
1389 209 1586 276 illicque
1630 211 1908 277 uersipellis

308 281 454 331 studii
483 280 808 330 calumniante
842 281 1093 346 proposito
1128 281 1271 330 etiam
1300 282 1516 330 Socratis
1550 281 1646 332 sibi
1668 281 1908 334 Platonis·

308 368 403 416 que
439 350 811 416 amplitudinem
846 352 1169 415 mancipasse.
1244 352 1373 401 hanc
1409 353 1558 416 igitur
1596 352 1909 404 fraudulenta

309 436 506 486 semper
533 423 957 487 argumentatione
984 429 1233 471 uersutam
1261 438 1318 471 ac
1343 423 1404 471 de
1431 424 1781 474 circumuentis
1798 423 1907 489 plu·
1947 464 1955 469 .

306 492 445 542 ribus
471 491 760 556 gloriantem
799 508 909 543 cum
938 492 1179 558 Cyllenius
1203 491 1460 559 κηρυκείῳ
1487 494 1711 558 geminus
1736 497 1910 559 anguis
1951 505 1974 540 ⁵

309 577 575 626 assurgens
610 563 891 614 adlambere
924 563 1156 613 feminam
1195 563 1384 612 crebris
1410 563 1686 628 linguarum
1722 565 1909 621 micati-

309 634 403 684 bus
440 634 766 698 adtemptaret
799 642 1018 699 tuncque
1054 635 1199 683 etiam
1233 634 1487 683 Tritonida
1526 635 1690 699 Gorgo
1728 650 1910 700 cogno-

310 706 494 755 scentis
533 705 747 768 quodam
784 705 961 769 gaudio
999 704 1220 754 sibilaret
1268 705 1557 755 ‘nimirum'
1597 706 1754 770 inquit
1786 706 1910 756 Bro-

308 777 438 825 mius
475 777 559 840 qui
594 776 799 825 facetior
826 783 900 824 est
941 775 1147 825 deorum
1187 791 1391 840 eamque
1428 777 1625 840 penitus
1662 775 1914 836 nesciebat

309 847 455 895 ‘haec
481 853 564 895 aut
591 862 649 896 ex
687 848 850 895 arenis
876 845 1057 911 Libyae
1096 846 1367 895 anhelantis
1394 846 1667 905 adducitur,
1705 847 1837 912 quod
1862 852 1911 897 et
1934 859 1975 891 10

311 915 598 980 capillitium
644 915 913 981 implexum
951 916 1095 966 docet
1133 923 1180 966 et
1217 917 1427 966 amicitia
1474 933 1785 967 uenenorum
1830 923 1914 967 aut

309 987 560 1036 fidendum
610 986 1047 1052 pharmacopolam
1094 1001 1201 1036 esse
1247 986 1484 1036 Marsicae
1530 989 1758 1038 nationis.
1845 988 1911 1037 ita

311 1074 526 1123 namque
563 1059 809 1122 agnitione
847 1059 1049 1121 uiperea
1076 1062 1124 1106 et
1148 1056 1328 1106 blanda
1365 1059 1598 1121 anguium
1636 1057 1913 1108 adulatione

313 1128 559 1178 delinitur.
635 1129 765 1192 quod
804 1130 856 1177 ni
892 1134 987 1184 est,
1028 1143 1087 1176 ex
1123 1127 1253 1177 illius
1290 1127 1423 1177 hami
1457 1128 1629 1178 fraude
1667 1127 1914 1191 colligitur

311 1199 442 1264 quod
469 1198 749 1249 circulatrix
785 1198 1109 1264 pellacissima
1138 1180 1464 1263 etlpetrarum
1488 1198 1805 1248 Marsicarum
1840 1200 1910 1248 in-
1936 1210 1977 1245 15

314 1270 422 1320 cola
461 1269 852 1334 comprobatur.'
927 1285 1023 1335 quo
1063 1270 1194 1318 dicto
1233 1285 1343 1318 cum
1391 1269 1669 1333 complures
1708 1269 1914 1330 deorum
1959 1300 1961 1302 -

315 1348 551 1405 quantum
581 1340 816 1390 decuerat
841 1340 1142 1397 arriderent,
1170 1339 1328 1388 Pallas
1354 1340 1602 1404 aliquanto
1628 1341 1915 1389 concussior

313 1415 477 1460 iocum
503 1412 802 1474 emergentis
827 1409 1037 1459 inhibuit
1061 1425 1343 1459 memorans
1381 1411 1508 1459 hanc
1544 1411 1810 1460 admodum
1835 1427 1913 1461 so-

313 1482 496 1539 briam,
538 1482 670 1546 quod
696 1481 987 1545 quibusdam
1021 1481 1145 1529 diuis
1179 1482 1374 1544 penitus
1409 1480 1728 1545 denegatum,
1768 1482 1915 1531 etiam

314 1555 441 1601 inter
478 1567 739 1616 germanas
777 1567 903 1616 quae
949 1550 1234 1616 probandae
1272 1558 1387 1599 sunt
1423 1553 1665 1609 acriores,
1716 1567 1743 1600 a
1781 1549 1915 1600 nullo
1937 1565 1980 1598 20

316 1638 475 1688 posse,
503 1622 652 1690 <cum
679 1628 863 1672 asserta
890 1621 1162 1687 protulerit,
1193 1622 1424 1670 derideri.
1473 1620 1556 1671 illa
1583 1628 1760 1679 autem,
1790 1636 1916 1685 quae

317 1696 366 1742 in
403 1702 747 1757 argumentum
785 1694 979 1742 uirosae
1017 1693 1300 1742 assertionis
1338 1693 1736 1758 acrimoniaeque
1777 1692 1916 1742 detu-

318 1765 465 1822 lerat,
494 1765 692 1814 tradere
723 1779 831 1814 eam
866 1763 1003 1813 iubet
1037 1779 1094 1812 ac
1132 1777 1183 1812 se
1220 1762 1281 1812 ad
1315 1763 1637 1812 insinuandae
1671 1762 1917 1812 sollertiae

203 1842 287 1881 333
318 1835 537 1884 habitum
565 1850 870 1899 comparare.
932 1842 1051 1883 tunc
1074 1832 1253 1882 lubrici
1278 1835 1449 1896 anguis
1477 1831 1734 1883 circulatos
1770 1832 1917 1882 orbes

320 1913 366 1956 et
410 1907 572 1956 hiatus
621 1921 733 1954 cum
772 1905 1126 1961 Grammatice,
1174 1919 1298 1969 quae
1344 1905 1672 1953 insinuatione
1717 1908 1981 1967 peracta25

318 1984 525 2041 propter
564 1975 809 2033 adstabat,
849 1978 1075 2039 accipere
1112 1975 1423 2032 formidaret,
1462 1975 1558 2039 ipsi
1595 1974 1752 2031 diuae,
1793 1988 1917 2038 quae

315 2049 460 2096 etiam
486 2046 771 2096 Medusaeos
805 2048 967 2094 crines
1003 2045 1242 2101 edomuit,
1285 2061 1394 2094 cum
1422 2044 1591 2109 figuris
1625 2043 1835 2094 illicibus
1870 2048 1919 2093 et

314 2119 524 2167 hamatis
560 2116 654 2164 illis
692 2115 915 2165 formulis
955 2117 1341 2164 committuntur.
1416 2116 1480 2163 ita
1521 2114 1692 2164 crinali
1738 2115 1919 2164 decore

315 2204 453 2238 mera
479 2188 708 2250 Cecropis
734 2194 879 2250 atque
892 2186 1046 2235 Attica
1073 2185 1427 2248 comprobatur
1452 2186 1760 2249 maximeque
1785 2183 1918 2249 quod

430 2361 455 2398 2
488 2357 611 2398 studi
640 2358 678 2397 R
725 2353 745 2409 Η
793 2357 819 2396 5
852 2367 1044 2407 ceryceo
1071 2354 1155 2395 BR
1181 2367 1297 2398 corr.
1319 2354 1526 2394 Heinsius
1552 2356 1595 2394 in
1627 2352 1748 2397 Ouid.
1768 2353 1917 2394 Bur-m.

322 2417 348 2456 I
373 2430 419 2468 p.
442 2418 525 2455 605
569 2411 591 2468 U
652 2415 676 2454 7
720 2413 912 2453 tritonia
939 2411 1021 2451 BR
1046 2424 1162 2455 corr.
1185 2411 1383 2463 Koppius
1427 2407 1450 2464 ss
1496 2422 1780 2463 cognoscens
1810 2409 1918 2451 Gro-

325 2476 406 2512 tius
533 2472 559 2511 8
610 2469 807 2523 quodam
835 2469 1039 2509 Heinsius
1063 2469 1108 2508 in
1138 2466 1257 2509 Ouid.
1288 2467 1434 2506 Burm.
1456 2467 1485 2506 I
1516 2481 1560 2519 p.
1584 2469 1666 2507 605
1703 2465 1920 2518 quoniam

321 2529 404 2568 BR
457 2469 480 2582 ll
535 2529 561 2568 9
609 2525 922 2580 perspiciebat
959 2537 1045 2577 pro
1087 2523 1331 2564 nesciebat
1374 2525 1482 2563 coni.
1515 2523 1718 2563 Heinsius
1747 2523 1773 2562 l.
1805 2523 1832 2564 l.
1879 2517 1903 2575 ss

323 2587 377 2625 10
422 2584 566 2624 libiae
605 2583 687 2624 BR
734 2577 753 2636 Η
809 2580 1040 2622 anelantis
1075 2580 1116 2621 B
1171 2577 1191 2633 ΙΙ
1248 2581 1298 2619 11
1347 2579 1562 2619 inflexum
1597 2579 1798 2619 Heinsius
1833 2580 1860 2621 l.
1888 2579 1917 2619 l.

327 2640 573 2694 implexum
593 2639 675 2680 BR
713 2635 732 2693 Η
776 2640 827 2678 12
869 2635 1232 2689 formacopulam
1250 2635 1332 2676 BR
1351 2649 1464 2676 corr.
1483 2634 1718 2675 Salmasius
1738 2636 1919 2676 exercit.

325 2698 439 2740 Plin.
465 2711 512 2750 p.
535 2699 620 2737 739
641 2709 668 2736 a
684 2696 724 2735 F
738 2694 825 2747 (ed.
849 2692 977 2745 1689)
1012 2690 1031 2745 ΙΙ
1069 2694 1122 2732 14
1142 2692 1362 2733 delinitur
1380 2692 1585 2732 Heinsius
1604 2693 1629 2731 l.
1652 2693 1678 2730 l.
1711 2689 1920 2743 diligitur

326 2753 409 2794 BR
483 2750 503 2807 [Ι
581 2754 632 2793 15
662 2754 896 2804 petrarum
926 2750 1129 2790 Heinsius
1186 2751 1436 2788 moetarum
1465 2747 1508 2787 B
1545 2749 1770 2799 metarum
1798 2746 1838 2787 R
1881 2742 1902 2799 ss

327 2810 379 2849 18
407 2809 644 2850 irridentis
671 2810 830 2860 scripsi
859 2805 1133 2859 emergentis
1153 2804 1236 2845 BR
1281 2800 1301 2857 [Ι
1354 2803 1559 2843 amodum
1578 2802 1621 2842 B
1658 2798 1679 2855 [Ι
1717 2804 1772 2844 20
1798 2802 1921 2844 inter

326 2864 350 2903 b
382 2868 454 2906 ter
482 2865 565 2907 BR
609 2861 631 2919 ss
677 2864 899 2905 acriorem
918 2862 961 2903 B
993 2861 1170 2902 acriore
1190 2860 1215 2901 b
1261 2856 1281 2914 ΙΙ
1328 2861 1381 2900 22
1409 2853 1605 2907 ὶιθτοεαθ
1626 2858 1693 2899 Db
1730 2855 1752 2912 [Ι

209 3017 214 3084 ;
456 2932 1382 3230 Μὴ
1418 2960 1878 3068 'Campesus
1936 2944 1982 3086 {ss

206 3092 214 3147 ’ἵ
296 3046 493 3230 spi
905 3159 912 3167 ,
1089 3002 1352 3230 ἢ
1405 3088 1982 3230 consono-*J
