<?xml version="1.0" encoding="UTF-8"?>
<!DOCTYPE html PUBLIC "-//W3C//DTD XHTML 1.0 Transitional//EN"
    "http://www.w3.org/TR/xhtml1/DTD/xhtml1-transitional.dtd">
<html xmlns="http://www.w3.org/1999/xhtml" xml:lang="en" lang="en">
 <head>
  <title>
</title>
<meta http-equiv="Content-Type" content="text/html;charset=utf-8" />
  <meta name='ocr-system' content='tesseract 3.04.00' />
  <meta name='ocr-capabilities' content='ocr_page ocr_carea ocr_par ocr_line ocrx_word'/>
</head>
<body>
  <div class='ocr_page' id='page_1' title='image "./martianvscapella00martuoft_0086.png"; bbox 0 0 1982 3230; ppageno 0'>
   <div class='ocr_carea' id='block_1_1' title="bbox 1176 0 1748 39">
    <p class='ocr_par' dir='ltr' id='par_1_1' title="bbox 1176 0 1748 39">
     <span class='ocr_line' id='line_1_1' title="bbox 1176 0 1748 39; baseline 0.003 -11"><span class='ocrx_word' id='word_1_1' title='bbox 1176 0 1191 9; x_wconf 55' lang='lat'><em>⁵</em></span> <span class='ocrx_word' id='word_1_2' title='bbox 1248 0 1258 20; x_wconf 66' lang='lat'><strong>·2</strong></span> <span class='ocrx_word' id='word_1_3' title='bbox 1292 0 1594 39; x_wconf 54' lang='lat' dir='ltr'><strong>‘···=’›r·:*=w‘3v²“‘-.=·1?’..</strong></span> <span class='ocrx_word' id='word_1_4' title='bbox 1745 28 1748 29; x_wconf 19' lang='lat'><em>⁷</em></span> 
     </span>
    </p>
   </div>
   <div class='ocr_carea' id='block_1_2' title="bbox 1577 0 1982 113">
    <p class='ocr_par' dir='ltr' id='par_1_2' title="bbox 1577 0 1982 113">
     <span class='ocr_line' id='line_1_2' title="bbox 1577 0 1982 113; baseline 0 0"><span class='ocrx_word' id='word_1_5' title='bbox 1577 0 1982 113; x_wconf 95' lang='lat' dir='ltr'><strong>  </strong></span> 
     </span>
    </p>
   </div>
   <div class='ocr_carea' id='block_1_3' title="bbox 190 70 1936 384">
    <p class='ocr_par' dir='ltr' id='par_1_3' title="bbox 190 51 1982 384">
     <span class='ocr_line' id='line_1_3' title="bbox 333 70 1615 144; baseline -0.011 0"><span class='ocrx_word' id='word_1_6' title='bbox 333 92 400 144; x_wconf 80' lang='lat'><strong>12</strong></span> <span class='ocrx_word' id='word_1_7' title='bbox 807 78 1107 130; x_wconf 78' lang='lat' dir='ltr'><strong>MARTIANI</strong></span> <span class='ocrx_word' id='word_1_8' title='bbox 1136 86 1457 129; x_wconf 81' lang='lat' dir='ltr'><strong>CAPELLAE</strong></span> <span class='ocrx_word' id='word_1_9' title='bbox 1535 73 1546 77; x_wconf 47' lang='lat'><strong>&#39;⁷</strong></span> <span class='ocrx_word' id='word_1_10' title='bbox 1611 70 1615 74; x_wconf 82' lang='lat'>&#39;</span> 
     </span>
     <span class='ocr_line' id='line_1_4' title="bbox 331 228 1936 294; baseline 0 -13"><span class='ocrx_word' id='word_1_11' title='bbox 331 234 532 284; x_wconf 81' lang='lat' dir='ltr'><strong>Phoebo</strong></span> <span class='ocrx_word' id='word_1_12' title='bbox 566 233 801 282; x_wconf 87' lang='lat' dir='ltr'><strong>coniuens</strong></span> <span class='ocrx_word' id='word_1_13' title='bbox 843 228 1093 294; x_wconf 83' lang='lat' dir='ltr'>splendori</span> <span class='ocrx_word' id='word_1_14' title='bbox 1136 229 1423 278; x_wconf 84' lang='lat' dir='ltr'>succumbat</span> <span class='ocrx_word' id='word_1_15' title='bbox 1467 235 1515 279; x_wconf 94' lang='lat' dir='ltr'><strong>et</strong></span> <span class='ocrx_word' id='word_1_16' title='bbox 1557 244 1669 279; x_wconf 92' lang='lat' dir='ltr'><strong>cum</strong></span> <span class='ocrx_word' id='word_1_17' title='bbox 1696 229 1936 281; x_wconf 89' lang='lat' dir='ltr'><strong>Stilbonte</strong></span> 
     </span>
     <span class='ocr_line' id='line_1_5' title="bbox 190 285 1936 384; baseline -0.003 -29"><span class='ocrx_word' id='word_1_18' title='bbox 190 285 303 384; x_wconf 54' lang='lat'><strong><em>112⁶}</em></strong></span> <span class='ocrx_word' id='word_1_19' title='bbox 335 305 570 354; x_wconf 90' lang='lat' dir='ltr'><strong>incedens</strong></span> <span class='ocrx_word' id='word_1_20' title='bbox 633 300 957 351; x_wconf 91' lang='lat' dir='ltr'><strong>conubiorum</strong></span> <span class='ocrx_word' id='word_1_21' title='bbox 1015 299 1202 364; x_wconf 91' lang='lat' dir='ltr'><strong>copulis</strong></span> <span class='ocrx_word' id='word_1_22' title='bbox 1251 299 1579 349; x_wconf 85' lang='lat' dir='ltr'><strong>adlubescat.&#39;</strong></span> <span class='ocrx_word' id='word_1_23' title='bbox 1669 300 1763 350; x_wconf 92' lang='lat' dir='ltr'><strong>his-</strong></span> <span class='ocrx_word' id='word_1_24' title='bbox 1794 299 1936 350; x_wconf 87' lang='lat' dir='ltr'><strong>dictis</strong></span> 
     </span>
    </p>
   </div>
   <div class='ocr_carea' id='block_1_4' title="bbox 247 370 1982 2324">
    <p class='ocr_par' dir='ltr' id='par_1_4' title="bbox 247 370 1982 2324">
     <span class='ocr_line' id='line_1_6' title="bbox 335 370 1936 437; baseline -0.001 -14"><span class='ocrx_word' id='word_1_25' title='bbox 335 375 500 425; x_wconf 82' lang='lat' dir='ltr'>Virtus</span> <span class='ocrx_word' id='word_1_26' title='bbox 536 370 878 437; x_wconf 91' lang='lat' dir='ltr'><strong>praecedentis</strong></span> <span class='ocrx_word' id='word_1_27' title='bbox 914 370 1074 419; x_wconf 81' lang='lat' dir='ltr'><strong>officio</strong></span> <span class='ocrx_word' id='word_1_28' title='bbox 1112 386 1169 419; x_wconf 91' lang='lat' dir='ltr'><strong>ac</strong></span> <span class='ocrx_word' id='word_1_29' title='bbox 1203 370 1508 420; x_wconf 82' lang='lat' dir='ltr'>Mercurialis</span> <span class='ocrx_word' id='word_1_30' title='bbox 1551 371 1723 433; x_wconf 87' lang='lat' dir='ltr'><strong>uirgae</strong></span> <span class='ocrx_word' id='word_1_31' title='bbox 1758 371 1936 436; x_wconf 90' lang='lat' dir='ltr'><strong>perfla-</strong></span> 
     </span>
     <span class='ocr_line' id='line_1_7' title="bbox 331 439 1932 504; baseline -0.002 -10"><span class='ocrx_word' id='word_1_32' title='bbox 331 446 467 494; x_wconf 87' lang='lat' dir='ltr'><strong>tione</strong></span> <span class='ocrx_word' id='word_1_33' title='bbox 493 457 731 492; x_wconf 89' lang='lat' dir='ltr'><strong>concussa</strong></span> <span class='ocrx_word' id='word_1_34' title='bbox 757 443 807 490; x_wconf 92' lang='lat' dir='ltr'><strong>in</strong></span> <span class='ocrx_word' id='word_1_35' title='bbox 834 439 1022 490; x_wconf 89' lang='lat' dir='ltr'><strong>caelum</strong></span> <span class='ocrx_word' id='word_1_36' title='bbox 1049 441 1174 490; x_wconf 89' lang='lat' dir='ltr'><strong>itura</strong></span> <span class='ocrx_word' id='word_1_37' title='bbox 1197 440 1484 490; x_wconf 77' lang='lat' dir='ltr'><strong>sustollitur.</strong></span> <span class='ocrx_word' id='word_1_38' title='bbox 1531 439 1793 504; x_wconf 83' lang='lat' dir='ltr'><strong>augurales</strong></span> <span class='ocrx_word' id='word_1_39' title='bbox 1810 456 1932 492; x_wconf 94' lang='lat' dir='ltr'><strong>uero</strong></span> 
     </span>
     <span class='ocr_line' id='line_1_8' title="bbox 331 510 1975 576; baseline -0.004 -12"><span class='ocrx_word' id='word_1_40' title='bbox 331 514 470 564; x_wconf 88' lang='lat' dir='ltr'><strong>alites</strong></span> <span class='ocrx_word' id='word_1_41' title='bbox 504 520 615 562; x_wconf 90' lang='lat' dir='ltr'><strong>ante</strong></span> <span class='ocrx_word' id='word_1_42' title='bbox 643 527 845 561; x_wconf 87' lang='lat' dir='ltr'><strong>currum</strong></span> <span class='ocrx_word' id='word_1_43' title='bbox 858 510 993 560; x_wconf 91' lang='lat' dir='ltr'><strong>Delio</strong></span> <span class='ocrx_word' id='word_1_44' title='bbox 1020 513 1343 560; x_wconf 89' lang='lat' dir='ltr'><strong>constiterunt</strong></span> <span class='ocrx_word' id='word_1_45' title='bbox 1369 512 1440 560; x_wconf 88' lang='lat' dir='ltr'><strong>uti</strong></span> <span class='ocrx_word' id='word_1_46' title='bbox 1458 512 1565 576; x_wconf 90' lang='lat' dir='ltr'><strong>quis</strong></span> <span class='ocrx_word' id='word_1_47' title='bbox 1587 510 1737 562; x_wconf 89' lang='lat' dir='ltr'><strong>uellet</strong></span> <span class='ocrx_word' id='word_1_48' title='bbox 1757 519 1931 562; x_wconf 89' lang='lat' dir='ltr'><strong>uectus</strong></span> <span class='ocrx_word' id='word_1_49' title='bbox 1952 524 1975 557; x_wconf 87' lang='lat'>5</span> 
     </span>
     <span class='ocr_line' id='line_1_9' title="bbox 330 580 1931 646; baseline -0.001 -12"><span class='ocrx_word' id='word_1_50' title='bbox 330 584 633 634; x_wconf 79' lang='lat' dir='ltr'><strong>ascenderet.</strong></span> <span class='ocrx_word' id='word_1_51' title='bbox 686 596 796 631; x_wconf 91' lang='lat' dir='ltr'><strong>nam</strong></span> <span class='ocrx_word' id='word_1_52' title='bbox 832 582 996 630; x_wconf 86' lang='lat' dir='ltr'><strong>futura</strong></span> <span class='ocrx_word' id='word_1_53' title='bbox 1024 581 1315 645; x_wconf 90' lang='lat' dir='ltr'><strong>plerumque</strong></span> <span class='ocrx_word' id='word_1_54' title='bbox 1341 580 1655 631; x_wconf 85' lang='lat' dir='ltr'><strong>conformans</strong></span> <span class='ocrx_word' id='word_1_55' title='bbox 1687 582 1764 631; x_wconf 91' lang='lat' dir='ltr'><strong>his</strong></span> <span class='ocrx_word' id='word_1_56' title='bbox 1787 597 1931 646; x_wconf 85' lang='lat' dir='ltr'><strong>prae-</strong></span> 
     </span>
     <span class='ocr_line' id='line_1_10' title="bbox 330 651 1934 719; baseline -0.002 -14"><span class='ocrx_word' id='word_1_57' title='bbox 330 657 491 719; x_wconf 84' lang='lat' dir='ltr'><strong>sagire</strong></span> <span class='ocrx_word' id='word_1_58' title='bbox 527 659 867 703; x_wconf 89' lang='lat' dir='ltr'><strong>consueuerat.</strong></span> <span class='ocrx_word' id='word_1_59' title='bbox 931 658 1101 716; x_wconf 87' lang='lat' dir='ltr'><strong>petaso</strong></span> <span class='ocrx_word' id='word_1_60' title='bbox 1137 658 1299 702; x_wconf 88' lang='lat' dir='ltr'><strong>autem</strong></span> <span class='ocrx_word' id='word_1_61' title='bbox 1326 667 1382 701; x_wconf 92' lang='lat' dir='ltr'><strong>ac</strong></span> <span class='ocrx_word' id='word_1_62' title='bbox 1406 651 1642 702; x_wconf 88' lang='lat' dir='ltr'><strong>talaribus</strong></span> <span class='ocrx_word' id='word_1_63' title='bbox 1677 654 1934 703; x_wconf 88' lang='lat' dir='ltr'><strong>concitatis</strong></span> 
     </span>
     <span class='ocr_line' id='line_1_11' title="bbox 332 722 1935 790; baseline -0.001 -14"><span class='ocrx_word' id='word_1_64' title='bbox 332 727 495 790; x_wconf 93' lang='lat' dir='ltr'><strong>coepit</strong></span> <span class='ocrx_word' id='word_1_65' title='bbox 519 725 714 789; x_wconf 90' lang='lat' dir='ltr'><strong>praeire</strong></span> <span class='ocrx_word' id='word_1_66' title='bbox 739 723 1027 773; x_wconf 81' lang='lat' dir='ltr'><strong>MercuriuS.</strong></span> <span class='ocrx_word' id='word_1_67' title='bbox 1078 723 1164 772; x_wconf 90' lang='lat' dir='ltr'><strong>sed</strong></span> <span class='ocrx_word' id='word_1_68' title='bbox 1187 722 1451 772; x_wconf 82' lang='lat' dir='ltr'><strong>scandente</strong></span> <span class='ocrx_word' id='word_1_69' title='bbox 1472 722 1672 773; x_wconf 88' lang='lat' dir='ltr'><strong>Phoebo</strong></span> <span class='ocrx_word' id='word_1_70' title='bbox 1685 723 1935 783; x_wconf 82' lang='lat' dir='ltr'><strong>Musarum</strong></span> 
     </span>
     <span class='ocr_line' id='line_1_12' title="bbox 331 793 1935 861; baseline 0.001 -16"><span class='ocrx_word' id='word_1_71' title='bbox 331 797 592 861; x_wconf 90' lang='lat' dir='ltr'><strong>pedisecus</strong></span> <span class='ocrx_word' id='word_1_72' title='bbox 653 794 1024 858; x_wconf 87' lang='lat' dir='ltr'><strong>adhaerensque</strong></span> <span class='ocrx_word' id='word_1_73' title='bbox 1073 795 1330 843; x_wconf 87' lang='lat' dir='ltr'><strong>comitatus</strong></span> <span class='ocrx_word' id='word_1_74' title='bbox 1379 793 1604 843; x_wconf 84' lang='lat' dir='ltr'><strong>candenti</strong></span> <span class='ocrx_word' id='word_1_75' title='bbox 1655 808 1935 858; x_wconf 88' lang='lat' dir='ltr'><strong>canoraque</strong></span> 
     </span>
     <span class='ocr_line' id='line_1_13' title="bbox 248 863 1982 929; baseline -0.001 -16"><span class='ocrx_word' id='word_1_76' title='bbox 248 870 310 913; x_wconf 78' lang='lat'><strong>27</strong></span> <span class='ocrx_word' id='word_1_77' title='bbox 333 866 446 916; x_wconf 91' lang='lat' dir='ltr'><strong>alite</strong></span> <span class='ocrx_word' id='word_1_78' title='bbox 472 865 761 915; x_wconf 89' lang='lat' dir='ltr'><strong>uehebatur.</strong></span> <span class='ocrx_word' id='word_1_79' title='bbox 822 871 924 913; x_wconf 88' lang='lat' dir='ltr'><strong>tum</strong></span> <span class='ocrx_word' id='word_1_80' title='bbox 951 879 1073 914; x_wconf 90' lang='lat' dir='ltr'><strong>uero</strong></span> <span class='ocrx_word' id='word_1_81' title='bbox 1101 866 1411 928; x_wconf 86' lang='lat' dir='ltr'><strong>conspiceres</strong></span> <span class='ocrx_word' id='word_1_82' title='bbox 1436 866 1586 914; x_wconf 87' lang='lat' dir='ltr'><strong>totius</strong></span> <span class='ocrx_word' id='word_1_83' title='bbox 1612 863 1783 914; x_wconf 91' lang='lat' dir='ltr'><strong>mundi</strong></span> <span class='ocrx_word' id='word_1_84' title='bbox 1817 880 1934 929; x_wconf 89' lang='lat' dir='ltr'><strong>gau·</strong></span> <span class='ocrx_word' id='word_1_85' title='bbox 1957 882 1982 912; x_wconf 84' lang='lat'><strong>1·</strong></span> 
     </span>
     <span class='ocr_line' id='line_1_14' title="bbox 332 933 1936 1002; baseline 0.001 -16"><span class='ocrx_word' id='word_1_86' title='bbox 332 937 412 986; x_wconf 89' lang='lat' dir='ltr'><strong>dia</strong></span> <span class='ocrx_word' id='word_1_87' title='bbox 450 937 733 986; x_wconf 91' lang='lat' dir='ltr'><strong>conuenire.</strong></span> <span class='ocrx_word' id='word_1_88' title='bbox 791 950 905 984; x_wconf 91' lang='lat' dir='ltr'><strong>nam</strong></span> <span class='ocrx_word' id='word_1_89' title='bbox 942 941 990 983; x_wconf 90' lang='lat' dir='ltr'><strong>et</strong></span> <span class='ocrx_word' id='word_1_90' title='bbox 1015 933 1182 984; x_wconf 88' lang='lat' dir='ltr'><strong>Tellus</strong></span> <span class='ocrx_word' id='word_1_91' title='bbox 1217 934 1423 983; x_wconf 90' lang='lat' dir='ltr'><strong>floribus</strong></span> <span class='ocrx_word' id='word_1_92' title='bbox 1448 933 1720 984; x_wconf 88' lang='lat' dir='ltr'><strong>luminabat</strong></span> <span class='ocrx_word' id='word_1_93' title='bbox 1753 938 1936 1002; x_wconf 88' lang='lat' dir='ltr'><strong>quippe</strong></span> 
     </span>
     <span class='ocr_line' id='line_1_15' title="bbox 331 1004 1936 1070; baseline 0.001 -14"><span class='ocrx_word' id='word_1_94' title='bbox 331 1009 465 1057; x_wconf 91' lang='lat' dir='ltr'><strong>ueris</strong></span> <span class='ocrx_word' id='word_1_95' title='bbox 501 1007 647 1056; x_wconf 91' lang='lat' dir='ltr'><strong>deum</strong></span> <span class='ocrx_word' id='word_1_96' title='bbox 684 1010 1006 1069; x_wconf 84' lang='lat' dir='ltr'><strong>conspexerat</strong></span> <span class='ocrx_word' id='word_1_97' title='bbox 1042 1004 1305 1054; x_wconf 89' lang='lat' dir='ltr'><strong>subuolare</strong></span> <span class='ocrx_word' id='word_1_98' title='bbox 1339 1005 1582 1054; x_wconf 88' lang='lat' dir='ltr'><strong>Mercurio</strong></span> <span class='ocrx_word' id='word_1_99' title='bbox 1620 1010 1670 1054; x_wconf 93' lang='lat' dir='ltr'><strong>et</strong></span> <span class='ocrx_word' id='word_1_100' title='bbox 1712 1005 1936 1070; x_wconf 88' lang='lat' dir='ltr'><strong>Apolline</strong></span> 
     </span>
     <span class='ocr_line' id='line_1_16' title="bbox 332 1073 1934 1143; baseline 0.001 -16"><span class='ocrx_word' id='word_1_101' title='bbox 332 1079 614 1143; x_wconf 91' lang='lat' dir='ltr'><strong>conspicato</strong></span> <span class='ocrx_word' id='word_1_102' title='bbox 642 1077 774 1125; x_wconf 72' lang='lat' dir='ltr'><strong>aeria</strong></span> <span class='ocrx_word' id='word_1_103' title='bbox 801 1076 1064 1139; x_wconf 86' lang='lat' dir='ltr'><strong>temperies</strong></span> <span class='ocrx_word' id='word_1_104' title='bbox 1090 1076 1222 1124; x_wconf 87' lang='lat' dir='ltr'><strong>sudis</strong></span> <span class='ocrx_word' id='word_1_105' title='bbox 1248 1075 1485 1125; x_wconf 88' lang='lat' dir='ltr'><strong>tractibus</strong></span> <span class='ocrx_word' id='word_1_106' title='bbox 1520 1073 1792 1126; x_wconf 88' lang='lat' dir='ltr'><strong>renidebat.</strong></span> <span class='ocrx_word' id='word_1_107' title='bbox 1853 1094 1934 1128; x_wconf 91' lang='lat' dir='ltr'><strong>su-</strong></span> 
     </span>
     <span class='ocr_line' id='line_1_17' title="bbox 329 1145 1934 1213; baseline 0.002 -16"><span class='ocrx_word' id='word_1_108' title='bbox 329 1150 438 1213; x_wconf 93' lang='lat' dir='ltr'><strong>peri</strong></span> <span class='ocrx_word' id='word_1_109' title='bbox 465 1154 629 1197; x_wconf 91' lang='lat' dir='ltr'><strong>autem</strong></span> <span class='ocrx_word' id='word_1_110' title='bbox 657 1146 789 1211; x_wconf 84' lang='lat' dir='ltr'><strong>globi</strong></span> <span class='ocrx_word' id='word_1_111' title='bbox 815 1146 1061 1210; x_wconf 90' lang='lat' dir='ltr'><strong>orbesque</strong></span> <span class='ocrx_word' id='word_1_112' title='bbox 1096 1145 1440 1210; x_wconf 90' lang='lat' dir='ltr'><strong>septemplices</strong></span> <span class='ocrx_word' id='word_1_113' title='bbox 1476 1146 1643 1196; x_wconf 90' lang='lat' dir='ltr'><strong>suauis</strong></span> <span class='ocrx_word' id='word_1_114' title='bbox 1682 1147 1934 1199; x_wconf 89' lang='lat' dir='ltr'><strong>cuiusdam</strong></span> 
     </span>
     <span class='ocr_line' id='line_1_18' title="bbox 330 1216 1982 1269; baseline -0.001 -1"><span class='ocrx_word' id='word_1_115' title='bbox 330 1218 574 1268; x_wconf 86' lang='lat' dir='ltr'><strong>melodiae</strong></span> <span class='ocrx_word' id='word_1_116' title='bbox 607 1218 907 1266; x_wconf 90' lang='lat' dir='ltr'><strong>harmonicis</strong></span> <span class='ocrx_word' id='word_1_117' title='bbox 940 1216 1192 1265; x_wconf 86' lang='lat' dir='ltr'><strong>tinnitibus</strong></span> <span class='ocrx_word' id='word_1_118' title='bbox 1228 1216 1554 1265; x_wconf 89' lang='lat' dir='ltr'><strong>concinebant</strong></span> <span class='ocrx_word' id='word_1_119' title='bbox 1578 1231 1635 1266; x_wconf 92' lang='lat' dir='ltr'><strong>ac</strong></span> <span class='ocrx_word' id='word_1_120' title='bbox 1660 1232 1783 1267; x_wconf 91' lang='lat' dir='ltr'><strong>sono</strong></span> <span class='ocrx_word' id='word_1_121' title='bbox 1808 1219 1935 1269; x_wconf 92' lang='lat' dir='ltr'><strong>ultra</strong></span> <span class='ocrx_word' id='word_1_122' title='bbox 1957 1235 1982 1266; x_wconf 70' lang='grc' dir='ltr'>υ</span> 
     </span>
     <span class='ocr_line' id='line_1_19' title="bbox 329 1286 1931 1351; baseline 0.001 -13"><span class='ocrx_word' id='word_1_123' title='bbox 329 1288 529 1338; x_wconf 89' lang='lat' dir='ltr'><strong>solitum</strong></span> <span class='ocrx_word' id='word_1_124' title='bbox 554 1288 799 1343; x_wconf 90' lang='lat' dir='ltr'><strong>dulciore,</strong></span> <span class='ocrx_word' id='word_1_125' title='bbox 832 1287 1011 1351; x_wconf 87' lang='lat' dir='ltr'><strong>quippe</strong></span> <span class='ocrx_word' id='word_1_126' title='bbox 1038 1286 1199 1335; x_wconf 89' lang='lat' dir='ltr'><strong>Musas</strong></span> <span class='ocrx_word' id='word_1_127' title='bbox 1237 1287 1506 1336; x_wconf 89' lang='lat' dir='ltr'><strong>aduentare</strong></span> <span class='ocrx_word' id='word_1_128' title='bbox 1539 1297 1931 1350; x_wconf 89' lang='lat' dir='ltr'><strong>praesenserant.</strong></span> 
     </span>
     <span class='ocr_line' id='line_1_20' title="bbox 332 1356 1935 1424; baseline 0.001 -16"><span class='ocrx_word' id='word_1_129' title='bbox 332 1375 458 1424; x_wconf 92' lang='lat' dir='ltr'><strong>quae</strong></span> <span class='ocrx_word' id='word_1_130' title='bbox 499 1358 696 1422; x_wconf 92' lang='lat' dir='ltr'><strong>quidem</strong></span> <span class='ocrx_word' id='word_1_131' title='bbox 741 1356 1021 1421; x_wconf 84' lang='lat' dir='ltr'><strong>singillatim</strong></span> <span class='ocrx_word' id='word_1_132' title='bbox 1069 1356 1264 1405; x_wconf 91' lang='lat' dir='ltr'><strong>circulis</strong></span> <span class='ocrx_word' id='word_1_133' title='bbox 1301 1356 1578 1421; x_wconf 89' lang='lat' dir='ltr'><strong>quibusque</strong></span> <span class='ocrx_word' id='word_1_134' title='bbox 1613 1360 1806 1408; x_wconf 88' lang='lat' dir='ltr'><strong>metatis</strong></span> <span class='ocrx_word' id='word_1_135' title='bbox 1851 1360 1935 1409; x_wconf 93' lang='lat' dir='ltr'><strong>ubi</strong></span> 
     </span>
     <span class='ocr_line' id='line_1_21' title="bbox 331 1427 1933 1492; baseline 0 -13"><span class='ocrx_word' id='word_1_136' title='bbox 331 1444 449 1479; x_wconf 90' lang='lat' dir='ltr'><strong>suae</strong></span> <span class='ocrx_word' id='word_1_137' title='bbox 475 1428 671 1492; x_wconf 91' lang='lat' dir='ltr'><strong>pulsum</strong></span> <span class='ocrx_word' id='word_1_138' title='bbox 698 1427 1044 1477; x_wconf 90' lang='lat' dir='ltr'><strong>modulationis</strong></span> <span class='ocrx_word' id='word_1_139' title='bbox 1071 1433 1398 1491; x_wconf 87' lang='lat' dir='ltr'><strong>agnouerant,</strong></span> <span class='ocrx_word' id='word_1_140' title='bbox 1428 1429 1766 1478; x_wconf 87' lang='lat' dir='ltr'><strong>constiterunt.</strong></span> <span class='ocrx_word' id='word_1_141' title='bbox 1820 1445 1933 1480; x_wconf 89' lang='lat' dir='ltr'><strong>nam</strong></span> 
     </span>
     <span class='ocr_line' id='line_1_22' title="bbox 334 1498 1929 1561; baseline 0.001 -13"><span class='ocrx_word' id='word_1_142' title='bbox 334 1499 516 1549; x_wconf 89' lang='lat' dir='ltr'><strong>Vrania</strong></span> <span class='ocrx_word' id='word_1_143' title='bbox 567 1498 802 1548; x_wconf 90' lang='lat' dir='ltr'><strong>stellantis</strong></span> <span class='ocrx_word' id='word_1_144' title='bbox 851 1498 1021 1546; x_wconf 89' lang='lat' dir='ltr'><strong>mundi</strong></span> <span class='ocrx_word' id='word_1_145' title='bbox 1057 1498 1318 1561; x_wconf 87' lang='lat' dir='ltr'><strong>sphaeram</strong></span> <span class='ocrx_word' id='word_1_146' title='bbox 1369 1499 1597 1547; x_wconf 87' lang='lat' dir='ltr'><strong>extimam</strong></span> <span class='ocrx_word' id='word_1_147' title='bbox 1637 1500 1929 1558; x_wconf 90' lang='lat' dir='ltr'><strong>continatur,</strong></span> 
     </span>
     <span class='ocr_line' id='line_1_23' title="bbox 248 1567 1982 1635; baseline -0.002 -15"><span class='ocrx_word' id='word_1_148' title='bbox 248 1584 303 1624; x_wconf 79' lang='lat'><strong>28</strong></span> <span class='ocrx_word' id='word_1_149' title='bbox 336 1585 461 1635; x_wconf 88' lang='lat' dir='ltr'><strong>quae</strong></span> <span class='ocrx_word' id='word_1_150' title='bbox 498 1575 642 1618; x_wconf 92' lang='lat' dir='ltr'><strong>acuto</strong></span> <span class='ocrx_word' id='word_1_151' title='bbox 678 1567 967 1632; x_wconf 88' lang='lat' dir='ltr'><strong>raptabatur</strong></span> <span class='ocrx_word' id='word_1_152' title='bbox 1005 1582 1185 1617; x_wconf 88' lang='lat' dir='ltr'><strong>sonora</strong></span> <span class='ocrx_word' id='word_1_153' title='bbox 1216 1569 1413 1616; x_wconf 82' lang='lat' dir='ltr'><strong>tinnitu.</strong></span> <span class='ocrx_word' id='word_1_154' title='bbox 1474 1567 1728 1632; x_wconf 84' lang='lat' dir='ltr'><strong>Polymnia</strong></span> <span class='ocrx_word' id='word_1_155' title='bbox 1763 1569 1931 1620; x_wconf 89' lang='lat' dir='ltr'><strong>Satur·</strong></span> <span class='ocrx_word' id='word_1_156' title='bbox 1954 1585 1982 1616; x_wconf 75' lang='lat'><strong>2·</strong></span> 
     </span>
     <span class='ocr_line' id='line_1_24' title="bbox 333 1637 1932 1704; baseline 0.001 -15"><span class='ocrx_word' id='word_1_157' title='bbox 333 1642 470 1689; x_wconf 88' lang='lat' dir='ltr'><strong>nium</strong></span> <span class='ocrx_word' id='word_1_158' title='bbox 497 1638 738 1689; x_wconf 91' lang='lat' dir='ltr'><strong>circulum</strong></span> <span class='ocrx_word' id='word_1_159' title='bbox 766 1639 944 1694; x_wconf 87' lang='lat' dir='ltr'><strong>tenuit,</strong></span> <span class='ocrx_word' id='word_1_160' title='bbox 982 1638 1199 1701; x_wconf 89' lang='lat' dir='ltr'><strong>Euterpe</strong></span> <span class='ocrx_word' id='word_1_161' title='bbox 1224 1637 1483 1694; x_wconf 90' lang='lat' dir='ltr'><strong>louialem,</strong></span> <span class='ocrx_word' id='word_1_162' title='bbox 1520 1639 1668 1688; x_wconf 87' lang='lat' dir='ltr'><strong>Erato</strong></span> <span class='ocrx_word' id='word_1_163' title='bbox 1713 1640 1932 1704; x_wconf 89' lang='lat' dir='ltr'><strong>ingressa</strong></span> 
     </span>
     <span class='ocr_line' id='line_1_25' title="bbox 331 1708 1932 1777; baseline 0.001 -17"><span class='ocrx_word' id='word_1_164' title='bbox 331 1710 598 1777; x_wconf 81' lang='lat' dir='ltr'><strong>&lt;Martium</strong></span> <span class='ocrx_word' id='word_1_165' title='bbox 633 1709 928 1764; x_wconf 87' lang='lat' dir='ltr'><strong>modulatur,</strong></span> <span class='ocrx_word' id='word_1_166' title='bbox 979 1708 1285 1771; x_wconf 90' lang='lat' dir='ltr'><strong>Melpomene</strong></span> <span class='ocrx_word' id='word_1_167' title='bbox 1323 1709 1538 1757; x_wconf 91' lang='lat' dir='ltr'><strong>medium</strong></span> <span class='ocrx_word' id='word_1_168' title='bbox 1576 1709 1659 1758; x_wconf 94' lang='lat' dir='ltr'><strong>ubi</strong></span> <span class='ocrx_word' id='word_1_169' title='bbox 1685 1709 1770 1758; x_wconf 90' lang='lat' dir='ltr'><strong>Sol</strong></span> <span class='ocrx_word' id='word_1_170' title='bbox 1794 1710 1932 1761; x_wconf 89' lang='lat' dir='ltr'><strong>flam·</strong></span> 
     </span>
     <span class='ocr_line' id='line_1_26' title="bbox 330 1778 1932 1843; baseline 0 -13"><span class='ocrx_word' id='word_1_171' title='bbox 330 1782 485 1830; x_wconf 88' lang='lat' dir='ltr'><strong>manti</strong></span> <span class='ocrx_word' id='word_1_172' title='bbox 510 1780 748 1829; x_wconf 87' lang='lat' dir='ltr'><strong>mundum</strong></span> <span class='ocrx_word' id='word_1_173' title='bbox 774 1779 960 1828; x_wconf 91' lang='lat' dir='ltr'><strong>lumine</strong></span> <span class='ocrx_word' id='word_1_174' title='bbox 987 1784 1322 1828; x_wconf 87' lang='lat' dir='ltr'><strong>conuenustat.</strong></span> <span class='ocrx_word' id='word_1_175' title='bbox 1369 1778 1698 1843; x_wconf 89' lang='lat' dir='ltr'><strong>Terpsichore</strong></span> <span class='ocrx_word' id='word_1_176' title='bbox 1723 1780 1932 1832; x_wconf 90' lang='lat' dir='ltr'><strong>Venerio</strong></span> 
     </span>
     <span class='ocr_line' id='line_1_27' title="bbox 334 1848 1932 1913; baseline 0 -13"><span class='ocrx_word' id='word_1_177' title='bbox 334 1853 554 1900; x_wconf 87' lang='lat' dir='ltr'><strong>sociatur</strong></span> <span class='ocrx_word' id='word_1_178' title='bbox 581 1865 718 1900; x_wconf 80' lang='lat' dir='ltr'><strong>auro,</strong></span> <span class='ocrx_word' id='word_1_179' title='bbox 772 1849 988 1912; x_wconf 88' lang='lat' dir='ltr'><strong>Calliope</strong></span> <span class='ocrx_word' id='word_1_180' title='bbox 1024 1848 1194 1898; x_wconf 89' lang='lat' dir='ltr'><strong>orbem</strong></span> <span class='ocrx_word' id='word_1_181' title='bbox 1224 1848 1478 1913; x_wconf 86' lang='lat' dir='ltr'><strong>complexa</strong></span> <span class='ocrx_word' id='word_1_182' title='bbox 1505 1848 1772 1913; x_wconf 84' lang='lat' dir='ltr'><strong>Cyllenium</strong></span> <span class='ocrx_word' id='word_1_183' title='bbox 1789 1890 1801 1908; x_wconf 92' lang='lat'><strong>,</strong></span> <span class='ocrx_word' id='word_1_184' title='bbox 1829 1851 1932 1902; x_wconf 89' lang='lat' dir='ltr'><strong>Clio</strong></span> 
     </span>
     <span class='ocr_line' id='line_1_28' title="bbox 334 1918 1982 1984; baseline -0.002 -13"><span class='ocrx_word' id='word_1_185' title='bbox 334 1923 551 1971; x_wconf 89' lang='lat' dir='ltr'><strong>citimum</strong></span> <span class='ocrx_word' id='word_1_186' title='bbox 596 1920 862 1977; x_wconf 92' lang='lat' dir='ltr'><strong>circulum,</strong></span> <span class='ocrx_word' id='word_1_187' title='bbox 897 1920 992 1968; x_wconf 92' lang='lat' dir='ltr'><strong>hoc</strong></span> <span class='ocrx_word' id='word_1_188' title='bbox 1029 1927 1103 1968; x_wconf 90' lang='lat' dir='ltr'><strong>est</strong></span> <span class='ocrx_word' id='word_1_189' title='bbox 1138 1921 1187 1968; x_wconf 91' lang='lat' dir='ltr'><strong>in</strong></span> <span class='ocrx_word' id='word_1_190' title='bbox 1221 1918 1336 1968; x_wconf 90' lang='lat' dir='ltr'><strong>luna</strong></span> <span class='ocrx_word' id='word_1_191' title='bbox 1363 1918 1622 1969; x_wconf 90' lang='lat' dir='ltr'><strong>collocauit</strong></span> <span class='ocrx_word' id='word_1_192' title='bbox 1647 1920 1925 1984; x_wconf 92' lang='lat' dir='ltr'><strong>hospitium.</strong></span> <span class='ocrx_word' id='word_1_193' title='bbox 1951 1935 1982 1968; x_wconf 69' lang='lat'><strong>22</strong></span> 
     </span>
     <span class='ocr_line' id='line_1_29' title="bbox 333 1988 1929 2056; baseline 0.001 -15"><span class='ocrx_word' id='word_1_194' title='bbox 333 2007 459 2056; x_wconf 87' lang='lat' dir='ltr'><strong>quae</strong></span> <span class='ocrx_word' id='word_1_195' title='bbox 478 1991 682 2056; x_wconf 57' lang='lat' dir='ltr'><strong>vquidem</strong></span> <span class='ocrx_word' id='word_1_196' title='bbox 709 1991 872 2054; x_wconf 87' lang='lat' dir='ltr'><strong>grauis</strong></span> <span class='ocrx_word' id='word_1_197' title='bbox 898 1988 1068 2053; x_wconf 91' lang='lat' dir='ltr'><strong>pulsus</strong></span> <span class='ocrx_word' id='word_1_198' title='bbox 1095 1990 1252 2038; x_wconf 90' lang='lat' dir='ltr'><strong>modis</strong></span> <span class='ocrx_word' id='word_1_199' title='bbox 1278 1989 1584 2039; x_wconf 87' lang='lat' dir='ltr'><strong>raucioribus</strong></span> <span class='ocrx_word' id='word_1_200' title='bbox 1619 1992 1929 2054; x_wconf 87' lang='lat' dir='ltr'><strong>personabat.</strong></span> 
     </span>
     <span class='ocr_line' id='line_1_30' title="bbox 331 2061 1931 2125; baseline 0.001 -15"><span class='ocrx_word' id='word_1_201' title='bbox 331 2061 436 2110; x_wconf 90' lang='lat' dir='ltr'><strong>sola</strong></span> <span class='ocrx_word' id='word_1_202' title='bbox 461 2076 607 2117; x_wconf 87' lang='lat' dir='ltr'><strong>uer0,</strong></span> <span class='ocrx_word' id='word_1_203' title='bbox 650 2061 779 2125; x_wconf 91' lang='lat' dir='ltr'><strong>quod</strong></span> <span class='ocrx_word' id='word_1_204' title='bbox 818 2065 988 2109; x_wconf 88' lang='lat' dir='ltr'><strong>uector</strong></span> <span class='ocrx_word' id='word_1_205' title='bbox 1016 2061 1119 2108; x_wconf 92' lang='lat' dir='ltr'><strong>eius</strong></span> <span class='ocrx_word' id='word_1_206' title='bbox 1146 2074 1331 2124; x_wconf 83' lang='lat' dir='ltr'><strong>cygnus</strong></span> <span class='ocrx_word' id='word_1_207' title='bbox 1364 2061 1624 2123; x_wconf 89' lang='lat' dir='ltr'><strong>impatiens</strong></span> <span class='ocrx_word' id='word_1_208' title='bbox 1659 2063 1822 2111; x_wconf 90' lang='lat' dir='ltr'><strong>oneris</strong></span> <span class='ocrx_word' id='word_1_209' title='bbox 1859 2071 1931 2112; x_wconf 88' lang='lat' dir='ltr'><strong>at·</strong></span> 
     </span>
     <span class='ocr_line' id='line_1_31' title="bbox 332 2128 1969 2195; baseline -0.001 -15"><span class='ocrx_word' id='word_1_210' title='bbox 332 2145 429 2195; x_wconf 93' lang='lat' dir='ltr'><strong>que</strong></span> <span class='ocrx_word' id='word_1_211' title='bbox 455 2133 599 2180; x_wconf 90' lang='lat' dir='ltr'><strong>etiam</strong></span> <span class='ocrx_word' id='word_1_212' title='bbox 626 2129 917 2180; x_wconf 91' lang='lat' dir='ltr'><strong>subuolandi</strong></span> <span class='ocrx_word' id='word_1_213' title='bbox 944 2128 1138 2178; x_wconf 87' lang='lat' dir='ltr'><strong>alumna</strong></span> <span class='ocrx_word' id='word_1_214' title='bbox 1165 2135 1334 2191; x_wconf 89' lang='lat' dir='ltr'><strong>stagna</strong></span> <span class='ocrx_word' id='word_1_215' title='bbox 1367 2130 1600 2194; x_wconf 90' lang='lat' dir='ltr'><strong>petierat,</strong></span> <span class='ocrx_word' id='word_1_216' title='bbox 1638 2131 1809 2182; x_wconf 89' lang='lat' dir='ltr'><strong>Thalia</strong></span> <span class='ocrx_word' id='word_1_217' title='bbox 1845 2133 1929 2182; x_wconf 90' lang='lat' dir='ltr'><strong>de·</strong></span> <span class='ocrx_word' id='word_1_218' title='bbox 1964 2177 1969 2179; x_wconf 25' lang='lat' dir='ltr'><em>s</em></span> 
     </span>
     <span class='ocr_line' id='line_1_32' title="bbox 247 2199 1929 2265; baseline -0.001 -12"><span class='ocrx_word' id='word_1_219' title='bbox 247 2214 300 2255; x_wconf 82' lang='lat'><strong>29</strong></span> <span class='ocrx_word' id='word_1_220' title='bbox 330 2200 501 2251; x_wconf 86' lang='lat' dir='ltr'><strong>relicta</strong></span> <span class='ocrx_word' id='word_1_221' title='bbox 543 2203 593 2250; x_wconf 94' lang='lat' dir='ltr'><strong>in</strong></span> <span class='ocrx_word' id='word_1_222' title='bbox 638 2202 745 2265; x_wconf 89' lang='lat' dir='ltr'><strong>ipso</strong></span> <span class='ocrx_word' id='word_1_223' title='bbox 782 2200 1002 2249; x_wconf 91' lang='lat' dir='ltr'><strong>florentis</strong></span> <span class='ocrx_word' id='word_1_224' title='bbox 1039 2201 1196 2264; x_wconf 89' lang='lat' dir='ltr'><strong>campi</strong></span> <span class='ocrx_word' id='word_1_225' title='bbox 1231 2199 1385 2248; x_wconf 90' lang='lat' dir='ltr'><strong>ubere</strong></span> <span class='ocrx_word' id='word_1_226' title='bbox 1421 2200 1682 2250; x_wconf 87' lang='lat' dir='ltr'><strong>residebat.</strong></span> <span class='ocrx_word' id='word_1_227' title='bbox 1744 2202 1929 2252; x_wconf 87' lang='lat' dir='ltr'><strong>interea</strong></span> 
     </span>
     <span class='ocr_line' id='line_1_33' title="bbox 331 2269 1982 2324; baseline -0.001 -4"><span class='ocrx_word' id='word_1_228' title='bbox 331 2277 515 2321; x_wconf 86' lang='lat' dir='ltr'><strong>tractus</strong></span> <span class='ocrx_word' id='word_1_229' title='bbox 550 2272 708 2321; x_wconf 91' lang='lat' dir='ltr'><strong>aerios</strong></span> <span class='ocrx_word' id='word_1_230' title='bbox 744 2272 839 2320; x_wconf 92' lang='lat' dir='ltr'><strong>iam</strong></span> <span class='ocrx_word' id='word_1_231' title='bbox 877 2269 1105 2320; x_wconf 92' lang='lat' dir='ltr'><strong>Phoebus</strong></span> <span class='ocrx_word' id='word_1_232' title='bbox 1141 2270 1346 2324; x_wconf 84' lang='lat' dir='ltr'><strong>exierat,</strong></span> <span class='ocrx_word' id='word_1_233' title='bbox 1385 2285 1496 2319; x_wconf 90' lang='lat' dir='ltr'><strong>cum</strong></span> <span class='ocrx_word' id='word_1_234' title='bbox 1531 2270 1694 2320; x_wconf 92' lang='lat' dir='ltr'><strong>subito</strong></span> <span class='ocrx_word' id='word_1_235' title='bbox 1732 2273 1776 2321; x_wconf 94' lang='lat' dir='ltr'><strong>ei</strong></span> <span class='ocrx_word' id='word_1_236' title='bbox 1810 2274 1930 2323; x_wconf 90' lang='lat' dir='ltr'><strong>uitta</strong></span> <span class='ocrx_word' id='word_1_237' title='bbox 1951 2285 1982 2319; x_wconf 81' lang='lat'><strong>3(</strong></span> 
     </span>
    </p>
   </div>
   <div class='ocr_carea' id='block_1_5' title="bbox 326 2423 1930 2929">
    <p class='ocr_par' dir='ltr' id='par_1_5' title="bbox 326 2423 1930 2929">
     <span class='ocr_line' id='line_1_34' title="bbox 447 2423 1914 2481; baseline 0.001 -15"><span class='ocrx_word' id='word_1_238' title='bbox 447 2428 468 2466; x_wconf 92' lang='lat'>1</span> <span class='ocrx_word' id='word_1_239' title='bbox 511 2427 729 2467; x_wconf 89' lang='lat' dir='ltr'><strong>coniuens</strong></span> <span class='ocrx_word' id='word_1_240' title='bbox 751 2427 791 2464; x_wconf 88' lang='lat' dir='ltr'><strong>I)</strong></span> <span class='ocrx_word' id='word_1_241' title='bbox 824 2424 1076 2465; x_wconf 86' lang='lat' dir='ltr'><strong>conhibens</strong></span> <span class='ocrx_word' id='word_1_242' title='bbox 1107 2425 1144 2464; x_wconf 99' lang='lat' dir='ltr'><em>R</em></span> <span class='ocrx_word' id='word_1_243' title='bbox 1191 2424 1407 2464; x_wconf 89' lang='lat' dir='ltr'><strong>cohibens</strong></span> <span class='ocrx_word' id='word_1_244' title='bbox 1435 2424 1502 2463; x_wconf 67' lang='grc' dir='ltr'><strong>ΤΒ</strong></span> <span class='ocrx_word' id='word_1_245' title='bbox 1550 2424 1800 2466; x_wconf 87' lang='lat' dir='ltr'><strong>conhiuens</strong></span> <span class='ocrx_word' id='word_1_246' title='bbox 1830 2426 1854 2467; x_wconf 85' lang='lat' dir='ltr'><em>b</em></span> <span class='ocrx_word' id='word_1_247' title='bbox 1890 2423 1914 2481; x_wconf 81' lang='grc' dir='ltr'><strong>ΙΙ</strong></span> 
     </span>
     <span class='ocr_line' id='line_1_35' title="bbox 330 2477 1929 2536; baseline -0.001 -12"><span class='ocrx_word' id='word_1_248' title='bbox 330 2482 576 2536; x_wconf 85' lang='lat' dir='ltr'><strong>splendore</strong></span> <span class='ocrx_word' id='word_1_249' title='bbox 597 2482 679 2523; x_wconf 90' lang='lat' dir='ltr'><strong>BR</strong></span> <span class='ocrx_word' id='word_1_250' title='bbox 699 2495 813 2536; x_wconf 76' lang='lat' dir='ltr'><strong>corr.</strong></span> <span class='ocrx_word' id='word_1_251' title='bbox 833 2483 877 2521; x_wconf 85' lang='lat' dir='ltr'><strong>in</strong></span> <span class='ocrx_word' id='word_1_252' title='bbox 896 2493 1026 2533; x_wconf 68' lang='lat' dir='ltr'><strong>marg.</strong></span> <span class='ocrx_word' id='word_1_253' title='bbox 1051 2482 1117 2520; x_wconf 83' lang='lat' dir='ltr'><strong>ed.</strong></span> <span class='ocrx_word' id='word_1_254' title='bbox 1137 2481 1258 2521; x_wconf 84' lang='lat' dir='ltr'><strong>Vule.</strong></span> <span class='ocrx_word' id='word_1_255' title='bbox 1298 2477 1317 2533; x_wconf 75' lang='lat' dir='ltr'><strong>{l</strong></span> <span class='ocrx_word' id='word_1_256' title='bbox 1355 2482 1381 2521; x_wconf 85' lang='grc'>8</span> <span class='ocrx_word' id='word_1_257' title='bbox 1413 2481 1569 2533; x_wconf 87' lang='lat' dir='ltr'><strong>caepit</strong></span> <span class='ocrx_word' id='word_1_258' title='bbox 1588 2482 1627 2521; x_wconf 82' lang='lat' dir='ltr'><em>R</em></span> <span class='ocrx_word' id='word_1_259' title='bbox 1665 2478 1683 2535; x_wconf 85' lang='grc' dir='ltr'><strong>ΙΙ</strong></span> <span class='ocrx_word' id='word_1_260' title='bbox 1722 2483 1748 2522; x_wconf 87' lang='grc'><strong>9</strong></span> <span class='ocrx_word' id='word_1_261' title='bbox 1777 2481 1929 2535; x_wconf 85' lang='lat' dir='ltr'><strong>pedis·</strong></span> 
     </span>
     <span class='ocr_line' id='line_1_36' title="bbox 329 2534 1930 2592; baseline -0.001 -12"><span class='ocrx_word' id='word_1_262' title='bbox 329 2551 461 2580; x_wconf 82' lang='lat' dir='ltr'><strong>secus</strong></span> <span class='ocrx_word' id='word_1_263' title='bbox 481 2539 520 2579; x_wconf 88' lang='lat' dir='ltr'><em>R</em></span> <span class='ocrx_word' id='word_1_264' title='bbox 548 2538 793 2592; x_wconf 84' lang='lat' dir='ltr'><strong>pedisequs</strong></span> <span class='ocrx_word' id='word_1_265' title='bbox 815 2538 838 2578; x_wconf 83' lang='lat' dir='ltr'><em>b</em></span> <span class='ocrx_word' id='word_1_266' title='bbox 872 2534 892 2590; x_wconf 84' lang='lat' dir='ltr'><strong>ll</strong></span> <span class='ocrx_word' id='word_1_267' title='bbox 931 2538 980 2576; x_wconf 91' lang='grc'><strong>11</strong></span> <span class='ocrx_word' id='word_1_268' title='bbox 1012 2536 1268 2576; x_wconf 85' lang='lat' dir='ltr'><strong>luminabat</strong></span> <span class='ocrx_word' id='word_1_269' title='bbox 1292 2537 1461 2577; x_wconf 79' lang='lat' dir='ltr'><strong>Grotius</strong></span> <span class='ocrx_word' id='word_1_270' title='bbox 1492 2537 1666 2578; x_wconf 85' lang='lat' dir='ltr'><strong>lumina</strong></span> <span class='ocrx_word' id='word_1_271' title='bbox 1689 2537 1768 2578; x_wconf 87' lang='lat' dir='ltr'><strong>BR</strong></span> <span class='ocrx_word' id='word_1_272' title='bbox 1797 2538 1930 2579; x_wconf 90' lang='lat' dir='ltr'><strong>lumi-</strong></span> 
     </span>
     <span class='ocr_line' id='line_1_37' title="bbox 330 2593 1930 2647; baseline 0 -12"><span class='ocrx_word' id='word_1_273' title='bbox 330 2599 446 2636; x_wconf 81' lang='lat' dir='ltr'><strong>nata</strong></span> <span class='ocrx_word' id='word_1_274' title='bbox 476 2597 520 2635; x_wconf 84' lang='lat' dir='ltr'><strong>in</strong></span> <span class='ocrx_word' id='word_1_275' title='bbox 549 2595 654 2638; x_wconf 75' lang='lat' dir='ltr'><strong>Bas.</strong></span> <span class='ocrx_word' id='word_1_276' title='bbox 679 2594 797 2635; x_wconf 76' lang='lat' dir='ltr'><strong>Cant.</strong></span> <span class='ocrx_word' id='word_1_277' title='bbox 816 2593 944 2634; x_wconf 80' lang='lat' dir='ltr'><strong>Bodc.</strong></span> <span class='ocrx_word' id='word_1_278' title='bbox 975 2594 1111 2632; x_wconf 81' lang='lat' dir='ltr'><strong>altero</strong></span> <span class='ocrx_word' id='word_1_279' title='bbox 1143 2598 1294 2632; x_wconf 77' lang='lat' dir='ltr'><strong>extare</strong></span> <span class='ocrx_word' id='word_1_280' title='bbox 1322 2593 1420 2632; x_wconf 67' lang='lat' dir='ltr'><strong>milei</strong></span> <span class='ocrx_word' id='word_1_281' title='bbox 1447 2606 1530 2633; x_wconf 80' lang='lat' dir='ltr'><strong>non</strong></span> <span class='ocrx_word' id='word_1_282' title='bbox 1558 2595 1775 2645; x_wconf 79' lang='lat' dir='ltr'><strong>persuasit</strong></span> <span class='ocrx_word' id='word_1_283' title='bbox 1802 2593 1930 2647; x_wconf 86' lang='lat' dir='ltr'><strong>Kop—</strong></span> 
     </span>
     <span class='ocr_line' id='line_1_38' title="bbox 326 2646 1917 2705; baseline 0.001 -13"><span class='ocrx_word' id='word_1_284' title='bbox 326 2654 428 2703; x_wconf 80' lang='lat' dir='ltr'><strong>pius</strong></span> <span class='ocrx_word' id='word_1_285' title='bbox 467 2648 485 2705; x_wconf 86' lang='grc' dir='ltr'><strong>ΙΙ</strong></span> <span class='ocrx_word' id='word_1_286' title='bbox 526 2652 578 2691; x_wconf 84' lang='grc'><strong>12</strong></span> <span class='ocrx_word' id='word_1_287' title='bbox 608 2651 835 2691; x_wconf 87' lang='lat' dir='ltr'><strong>Mercurio</strong></span> <span class='ocrx_word' id='word_1_288' title='bbox 867 2650 1024 2701; x_wconf 82' lang='lat' dir='ltr'><strong>scripsi</strong></span> <span class='ocrx_word' id='word_1_289' title='bbox 1051 2649 1320 2689; x_wconf 85' lang='lat' dir='ltr'><strong>mercurium</strong></span> <span class='ocrx_word' id='word_1_290' title='bbox 1350 2649 1432 2689; x_wconf 88' lang='lat' dir='ltr'><strong>BR</strong></span> <span class='ocrx_word' id='word_1_291' title='bbox 1469 2646 1488 2702; x_wconf 85' lang='grc' dir='ltr'>Η</span> <span class='ocrx_word' id='word_1_292' title='bbox 1535 2649 1783 2701; x_wconf 85' lang='lat' dir='ltr'><strong>apollinem</strong></span> <span class='ocrx_word' id='word_1_293' title='bbox 1813 2651 1851 2691; x_wconf 92' lang='lat' dir='ltr'><em>R</em></span> <span class='ocrx_word' id='word_1_294' title='bbox 1887 2647 1917 2704; x_wconf 79' lang='grc' dir='ltr'><strong>ΙΙ,</strong></span> 
     </span>
     <span class='ocr_line' id='line_1_39' title="bbox 332 2704 1923 2758; baseline 0 -11"><span class='ocrx_word' id='word_1_295' title='bbox 332 2709 385 2747; x_wconf 90' lang='grc'><strong>19</strong></span> <span class='ocrx_word' id='word_1_296' title='bbox 418 2708 683 2748; x_wconf 86' lang='lat' dir='ltr'><strong>continatur</strong></span> <span class='ocrx_word' id='word_1_297' title='bbox 702 2707 741 2748; x_wconf 92' lang='lat' dir='ltr'><em>R</em></span> <span class='ocrx_word' id='word_1_298' title='bbox 761 2711 803 2747; x_wconf 85' lang='lat' dir='ltr'><strong>et</strong></span> <span class='ocrx_word' id='word_1_299' title='bbox 823 2707 1063 2746; x_wconf 79' lang='lat' dir='ltr'><strong>Puteaneus</strong></span> <span class='ocrx_word' id='word_1_300' title='bbox 1082 2705 1137 2756; x_wconf 82' lang='lat' dir='ltr'><strong>cf.</strong></span> <span class='ocrx_word' id='word_1_301' title='bbox 1162 2704 1343 2747; x_wconf 77' lang='lat' dir='ltr'><strong>Salmas.</strong></span> <span class='ocrx_word' id='word_1_302' title='bbox 1363 2707 1423 2745; x_wconf 88' lang='lat' dir='ltr'><strong>ad</strong></span> <span class='ocrx_word' id='word_1_303' title='bbox 1439 2706 1587 2756; x_wconf 79' lang='lat' dir='ltr'><strong>script.</strong></span> <span class='ocrx_word' id='word_1_304' title='bbox 1609 2705 1705 2747; x_wconf 73' lang='lat' dir='ltr'><strong>hist.</strong></span> <span class='ocrx_word' id='word_1_305' title='bbox 1725 2706 1837 2758; x_wconf 74' lang='lat' dir='ltr'><strong>Any.</strong></span> <span class='ocrx_word' id='word_1_306' title='bbox 1854 2708 1923 2747; x_wconf 84' lang='lat' dir='ltr'><strong>ed.</strong></span> 
     </span>
     <span class='ocr_line' id='line_1_40' title="bbox 328 2759 1909 2816; baseline 0 -14"><span class='ocrx_word' id='word_1_307' title='bbox 328 2763 472 2806; x_wconf 78' lang='lat' dir='ltr'><strong>Haclc.</strong></span> <span class='ocrx_word' id='word_1_308' title='bbox 493 2764 520 2803; x_wconf 94' lang='lat' dir='ltr'><em>I</em></span> <span class='ocrx_word' id='word_1_309' title='bbox 541 2765 626 2804; x_wconf 76' lang='lat'><strong>564</strong></span> <span class='ocrx_word' id='word_1_310' title='bbox 647 2763 863 2803; x_wconf 82' lang='lat' dir='ltr'><strong>concinat</strong></span> <span class='ocrx_word' id='word_1_311' title='bbox 882 2776 907 2801; x_wconf 85' lang='lat' dir='ltr'><strong>r</strong></span> <span class='ocrx_word' id='word_1_312' title='bbox 929 2761 1203 2801; x_wconf 84' lang='lat' dir='ltr'><strong>concinebat</strong></span> <span class='ocrx_word' id='word_1_313' title='bbox 1226 2759 1353 2810; x_wconf 88' lang='lat' dir='ltr'><strong>(ebat</strong></span> <span class='ocrx_word' id='word_1_314' title='bbox 1372 2765 1414 2800; x_wconf 81' lang='lat' dir='ltr'><strong>in</strong></span> <span class='ocrx_word' id='word_1_315' title='bbox 1433 2760 1546 2814; x_wconf 73' lang='lat' dir='ltr'><strong>ras.)</strong></span> <span class='ocrx_word' id='word_1_316' title='bbox 1563 2760 1605 2800; x_wconf 89' lang='lat' dir='ltr'><em>B</em></span> <span class='ocrx_word' id='word_1_317' title='bbox 1631 2760 1652 2801; x_wconf 69' lang='lat' dir='ltr'><strong>l</strong></span> <span class='ocrx_word' id='word_1_318' title='bbox 1670 2762 1709 2801; x_wconf 89' lang='lat' dir='ltr'><strong>it</strong></span> <span class='ocrx_word' id='word_1_319' title='bbox 1725 2762 1859 2804; x_wconf 82' lang='lat' dir='ltr'><strong>add.b</strong></span> <span class='ocrx_word' id='word_1_320' title='bbox 1886 2759 1909 2816; x_wconf 80' lang='lat' dir='ltr'>ss</span> 
     </span>
     <span class='ocr_line' id='line_1_41' title="bbox 329 2813 1925 2873; baseline -0.001 -14"><span class='ocrx_word' id='word_1_321' title='bbox 329 2819 385 2859; x_wconf 83' lang='lat'><strong>20</strong></span> <span class='ocrx_word' id='word_1_322' title='bbox 404 2818 624 2871; x_wconf 86' lang='lat' dir='ltr'><strong>polimnia</strong></span> <span class='ocrx_word' id='word_1_323' title='bbox 644 2819 687 2859; x_wconf 91' lang='lat' dir='ltr'><em>B</em></span> <span class='ocrx_word' id='word_1_324' title='bbox 714 2815 734 2873; x_wconf 79' lang='grc' dir='ltr'><strong>Π</strong></span> <span class='ocrx_word' id='word_1_325' title='bbox 759 2820 813 2859; x_wconf 80' lang='lat'><strong>22</strong></span> <span class='ocrx_word' id='word_1_326' title='bbox 843 2817 1063 2858; x_wconf 83' lang='lat' dir='ltr'><strong>marcium</strong></span> <span class='ocrx_word' id='word_1_327' title='bbox 1083 2817 1123 2856; x_wconf 90' lang='lat' dir='ltr'><em>D</em></span> <span class='ocrx_word' id='word_1_328' title='bbox 1151 2813 1169 2869; x_wconf 80' lang='grc' dir='ltr'>Η</span> <span class='ocrx_word' id='word_1_329' title='bbox 1198 2818 1250 2857; x_wconf 82' lang='grc'><strong>23</strong></span> <span class='ocrx_word' id='word_1_330' title='bbox 1271 2818 1522 2870; x_wconf 84' lang='lat' dir='ltr'><strong>terpsicore</strong></span> <span class='ocrx_word' id='word_1_331' title='bbox 1543 2816 1628 2856; x_wconf 91' lang='lat' dir='ltr'><strong>BD</strong></span> <span class='ocrx_word' id='word_1_332' title='bbox 1653 2814 1675 2871; x_wconf 81' lang='grc' dir='ltr'>Η</span> <span class='ocrx_word' id='word_1_333' title='bbox 1699 2818 1755 2857; x_wconf 79' lang='lat'><strong>24</strong></span> <span class='ocrx_word' id='word_1_334' title='bbox 1783 2818 1925 2858; x_wconf 79' lang='lat' dir='ltr'><strong>sotia-</strong></span> 
     </span>
     <span class='ocr_line' id='line_1_42' title="bbox 329 2869 1907 2929; baseline -0.001 -14"><span class='ocrx_word' id='word_1_335' title='bbox 329 2876 405 2915; x_wconf 82' lang='lat' dir='ltr'><strong>tur</strong></span> <span class='ocrx_word' id='word_1_336' title='bbox 423 2874 466 2914; x_wconf 92' lang='lat' dir='ltr'><em>B</em></span> <span class='ocrx_word' id='word_1_337' title='bbox 484 2872 505 2926; x_wconf 81' lang='lat' dir='ltr'><strong>ll</strong></span> <span class='ocrx_word' id='word_1_338' title='bbox 527 2875 628 2927; x_wconf 86' lang='lat' dir='ltr'><strong>clyo</strong></span> <span class='ocrx_word' id='word_1_339' title='bbox 650 2875 734 2915; x_wconf 90' lang='lat' dir='ltr'><strong>BD</strong></span> <span class='ocrx_word' id='word_1_340' title='bbox 753 2872 774 2929; x_wconf 79' lang='grc' dir='ltr'><strong>Η</strong></span> <span class='ocrx_word' id='word_1_341' title='bbox 800 2876 854 2916; x_wconf 80' lang='lat'><strong>26</strong></span> <span class='ocrx_word' id='word_1_342' title='bbox 877 2885 1041 2927; x_wconf 86' lang='lat' dir='ltr'><strong>graues</strong></span> <span class='ocrx_word' id='word_1_343' title='bbox 1062 2873 1086 2914; x_wconf 82' lang='lat' dir='ltr'><em>b</em></span> <span class='ocrx_word' id='word_1_344' title='bbox 1105 2869 1124 2926; x_wconf 79' lang='lat' dir='ltr'>ss</span> <span class='ocrx_word' id='word_1_345' title='bbox 1151 2874 1204 2914; x_wconf 81' lang='lat'><strong>27</strong></span> <span class='ocrx_word' id='word_1_346' title='bbox 1229 2874 1390 2925; x_wconf 83' lang='lat' dir='ltr'><strong>cignus</strong></span> <span class='ocrx_word' id='word_1_347' title='bbox 1409 2872 1494 2913; x_wconf 87' lang='lat' dir='ltr'><strong>BD</strong></span> <span class='ocrx_word' id='word_1_348' title='bbox 1512 2869 1532 2926; x_wconf 80' lang='grc' dir='ltr'><strong>ΙΙ</strong></span> <span class='ocrx_word' id='word_1_349' title='bbox 1552 2873 1807 2926; x_wconf 88' lang='lat' dir='ltr'><strong>impaciens</strong></span> <span class='ocrx_word' id='word_1_350' title='bbox 1826 2874 1868 2914; x_wconf 90' lang='lat' dir='ltr'><em>D</em></span> <span class='ocrx_word' id='word_1_351' title='bbox 1883 2869 1907 2927; x_wconf 80' lang='lat' dir='ltr'>ss</span> 
     </span>
    </p>
   </div>
   <div class='ocr_carea' id='block_1_6' title="bbox 0 0 63 3230">
    <p class='ocr_par' dir='ltr' id='par_1_6' title="bbox 0 0 63 3230">
     <span class='ocr_line' id='line_1_43' title="bbox 0 0 63 3230; baseline 0 0"><span class='ocrx_word' id='word_1_352' title='bbox 0 0 63 3230; x_wconf 95' lang='lat' dir='ltr'><strong> </strong></span> 
     </span>
    </p>
   </div>
  </div>
 </body>
</html>
