1982 3230
0 447 16 510 ἔὲ
218 484 227 502 .

0 509 37 554 5:3²
73 476 127 551 Ρ,
182 506 290 550 03²⁴·ss-

4 562 13 567 “
206 567 309 581 ..peneum-v

355 145 391 197 4
431 147 438 152 “
500 144 509 155 “
834 147 1133 189 MARTIANI
1164 148 1482 191 CAPELLAE

358 289 639 354 inpatientia
666 289 795 338 ultro
822 289 1051 339 iuuenem
1089 298 1352 340 consecuta
1378 291 1589 355 Apollini
1625 292 1784 343 fuerat
1809 308 1962 360 copu-

302 368 326 408 7
357 357 466 408 lata.
551 344 1382 411 uolqu‘Eaneffi‘E'nfelecha'H-‹Tac
1425 362 1549 412 Solis
1598 362 1745 413 filiam
1789 371 1959 428 postu-

356 429 484 487 lare,
541 431 669 494 quod
722 432 942 495 speciosa
986 446 1130 496 quam
1179 433 1389 481 maxime
1433 448 1708 498 magnaque
1753 434 1959 485 deorum

356 500 418 548 sit
445 500 648 550 educata
685 516 818 550 cura.
882 517 995 550 nam
1031 502 1122 566 ipsi
1148 501 1299 569 Ψυχῇ
1327 503 1474 552 natali
1511 503 1590 553 die
1617 505 1663 553 di
1699 505 1759 555 ad
1787 507 1956 555 conui-

357 571 489 620 uium
525 573 771 635 corrogati
797 570 983 638 <multa
1013 571 1339 623 contulerant.
1403 574 1620 639 Iuppiter
1647 577 1826 640 quippe
1853 576 1982 625 dia-l

354 642 511 698 (lema,
537 642 669 707 quod
690 644 974 692 Aeternitati
999 642 1123 692 filiae
1158 643 1466 693 honoratiori
1491 646 1792 704 detraxerat,
1814 647 1958 710 capiti

354 713 457 761 eius
482 715 722 776 apposuit.
760 714 881 762 luno
910 728 1106 777 quoque
1133 729 1190 762 ex
1212 716 1511 779 purgatioris
1538 717 1646 765 auri
1670 716 1958 780 splendente

338 798 481 851 Q
515 784 767 834 addiderat
802 783 1020 833 crinibus
1059 784 1239 834 sociale
1274 785 1507 836 uinclum.
1559 786 1775 836 Tritonia
1812 788 1955 837 etiam

287 878 295 884 ·
351 853 559 903 interula
595 854 812 904 resoluto
849 855 1022 903 ricinio
1059 855 1378 921 strophioque
1404 857 1713 907 flammarum
1748 858 1904 915 instar
1931 873 1958 907 e

354 940 502 973 cocco
530 931 674 989 atque
709 926 814 990 ipso
842 926 971 974 sacri
1004 927 1218 990 pectoris
1245 942 1301 975 ac
1337 927 1594 990 prudentis
1620 926 1953 978 amiculo‘uir-
1977 944 1982 973 :

239 1004 266 1042 4
288 1003 322 1043 G
353 997 512 1057 ginem
551 996 693 1060 uirgo
731 997 958 1045 contexit.
1014 995 1180 1045 Delius
1206 1012 1402 1061 quoque
1427 1004 1482 1046 ut
1515 997 1698 1048 ramale
1731 997 1957 1048 laureum

351 1067 558 1128 gestitat,
588 1066 877 1115 diuinatrice
904 1066 1075 1116 eadem
1103 1067 1518 1132 coniecturalique
1554 1069 1690 1132 uirga
1728 1068 1957 1120 uolucres

347 1137 418 1185 illi
445 1152 500 1186 ac
526 1137 777 1200 fulgurum
803 1139 958 1187 iactus
984 1143 1131 1200 atque
1164 1138 1320 1202 ipsius
1346 1144 1540 1188 meatus
1566 1138 1690 1188 caeli
1714 1139 1955 1189 siderum-

350 1223 446 1272 que
472 1207 792 1257 monstrabat.
822 1209 1000 1257 Vranie
1028 1215 1189 1257 autem
1215 1211 1500 1272 praenitens
1526 1209 1797 1274 speculum,
1826 1209 1956 1274 quod

349 1280 480 1327 inter
507 1278 709 1327 donaria
747 1280 850 1327 eius
887 1278 1042 1343 adytis
1079 1278 1260 1343 Sophia
1296 1279 1555 1337 defixerat,
1586 1294 1683 1343 quo
1721 1295 1775 1330 se
1807 1295 1982 1330 reno-2

349 1363 494 1397 scens
522 1350 667 1398 etiam
703 1350 943 1413 originem
978 1349 1130 1398 uellet
1157 1351 1444 1413 exquirere,
1474 1349 1706 1399 clementi
1729 1349 1954 1415 benigni-

348 1425 446 1468 tate
472 1419 662 1482 largita.
707 1419 942 1468 Lemnius
969 1433 1162 1483 quoque
1189 1419 1329 1468 faber
1354 1419 1426 1468 illi
1458 1419 1747 1485 insopibiles
1773 1436 1953 1486 peren·

348 1491 515 1539 nitatis
541 1490 806 1553 igniculos,
835 1505 898 1538 ne
934 1489 1256 1553 caligantibus
1281 1489 1501 1540 tenebris
1536 1498 1781 1555 nocteque
1809 1506 1955 1542 caeca

348 1562 737 1625 opprimeretur,
788 1559 1024 1609 incendit.
1101 1575 1273 1610 omnes
1322 1575 1445 1609 uero
1494 1560 1771 1611 inlecebras
1824 1563 1955 1611 circa

349 1646 522 1680 sensus
567 1636 771 1680 cunctos
808 1633 1039 1695 apposuit
1072 1630 1355 1696 Aphrodite.
1442 1645 1553 1680 nam
1595 1637 1642 1681 et
1687 1633 1952 1696 unguentis
1974 1645 1982 1678 2

349 1701 549 1750 oblitam
576 1700 882 1765 floribusque
918 1701 1198 1750 redimitam
1223 1701 1389 1750 halatu
1414 1703 1551 1766 pasci
1575 1703 1838 1766 fouerique
1864 1702 1950 1752 do-

349 1780 518 1821 cuerat
547 1779 593 1820 et
619 1771 765 1821 melle
799 1771 1131 1836 permulserat
1157 1779 1205 1821 et
1229 1787 1350 1821 auro
1377 1788 1434 1821 ac
1470 1771 1733 1822 monilibus
1757 1772 1951 1823 inhiare

349 1841 670 1906 membraque
683 1844 863 1892 uinciri
883 1843 1223 1892 honorationis
1239 1842 1398 1891 celsae
1420 1842 1727 1892 affectatione
1748 1858 1952 1908 persua-

349 1919 496 1962 serat.
547 1911 699 1979 tunc>
729 1912 1025 1978 crepitacula
1053 1914 1362 1977 tinnitusque
1388 1914 1496 1976 quis
1520 1914 1695 1963 infanti
1723 1927 1952 1964 somnum

349 1983 608 2032 induceret
634 1982 897 2032 adhibebat
922 1984 1208 2046 quiescenti.
1276 1990 1533 2048 praeterea
1559 1999 1622 2033 ne
1649 1983 1803 2034 ullum
1827 1990 1950 2034 tem·
1972 1996 1982 2031 ε

348 2069 441 2118 pus
476 2055 582 2102 sine
618 2052 867 2102 inlecebra
900 2052 1369 2118 oblectamentisque
1395 2054 1707 2111 decurreret,
1735 2055 1971 2120 pruritui.

349 2123 747 2188 subscalpentem
774 2125 905 2172 circa
937 2125 1034 2173 ima
1060 2125 1285 2188 corporis
1311 2130 1605 2188 apposuerat
1629 2124 1949 2190 uoluptatem.

349 2194 439 2244 sed
463 2193 745 2243 uehiculum
772 2195 817 2243 ei
843 2209 897 2242 ac
923 2192 1146 2243 uolatiles
1180 2199 1316 2243 rotas
1343 2195 1452 2258 quis
1478 2196 1602 2243 mira
1627 2202 1796 2259 posset
1822 2194 1949 2244 cele-

348 2266 493 2314 ritate
529 2264 810 2314 discurrere
835 2264 1104 2313 tradiderat
1134 2265 1242 2329 ipse
1270 2262 1529 2329 Cyllenius,
1558 2263 1674 2314 licet
1700 2280 1804 2314 eam
1843 2265 1951 2315 auri

350 2334 670 2400 compedibus
707 2334 958 2398 inligatam
997 2336 1236 2384 memoria
1271 2336 1627 2398 praegrauarit.
1689 2334 1766 2384 his
1798 2269 1982 2432 igitur!

349 2404 533 2467 Ψυχὴν
555 2407 769 2470 opimam
805 2406 998 2468 superis
1026 2405 1278 2469 ditemque
1305 2405 1595 2454 muneribus
1622 2411 1768 2470 atque
1794 2403 1982 2463 multaffi

351 2475 631 2525 caelestium
658 2474 915 2535 collatione
942 2475 1221 2525 decoratam
1248 2477 1299 2523 in
1338 2474 1601 2525 conubium
1625 2477 1776 2525 Arcas
1802 2472 1982 2543 supe-7}

349 2548 539 2595 riorum
581 2562 746 2595 cassus
790 2544 1003 2610 optabat.
1075 2546 1159 2595 sed
1207 2561 1313 2594 eam
1353 2547 1512 2595 Virtus
1556 2552 1608 2594 ut
1652 2545 1949 2595 adhaerebat
1968 2546 1982 2609 3

1975 2619 1982 2642 δ,

465 2717 489 2767 1
522 2718 769 2757 consecuta
790 2714 832 2754 B
870 2711 890 2767 [1
926 2715 950 2753 2
983 2712 1271 2754 endeliohiae
1294 2714 1375 2754 BR
1413 2711 1432 2768 Ι]
1469 2715 1496 2754 4
1525 2714 1588 2754 dii
1606 2714 1688 2755 BR
1725 2711 1747 2769 [Ι
1782 2716 1808 2756 5
1838 2711 1982 2769 dea-³3

351 2771 546 2812 demaB
586 2772 811 2823 dyadema
843 2770 865 2811 b
914 2767 932 2825 11
982 2771 1008 2810 9
1048 2772 1094 2810 et
1115 2782 1223 2810 coco
1255 2771 1294 2809 D
1343 2767 1361 2823 Η
1412 2770 1464 2811 13
1503 2769 1729 2823 fulgorum
1758 2769 1862 2810 DB¹
1960 2770 1982 2852 ᾗ

354 2829 405 2866 14
434 2828 594 2868 **anie
617 2829 658 2868 B
689 2826 809 2868 Anie
842 2829 881 2867 D
930 2825 947 2882 Η
998 2827 1049 2867 15
1081 2826 1216 2866 aditis
1248 2826 1331 2866 BD
1380 2822 1398 2879 Η
1448 2827 1499 2866 17
1529 2825 1791 2878 insopibilis
1820 2827 1861 2866 D
1960 2860 1976 2887 ἶ

350 2883 404 2935 22
435 2884 683 2924 munilibus
715 2886 754 2924 D
792 2881 811 2938 Η
850 2886 902 2925 23
932 2882 1306 2924 honorationibus
1327 2883 1367 2921 D
1406 2878 1425 2935 Η
1463 2883 1516 2922 26
1546 2881 1819 2924 discurreret
1846 2881 1982 2936 plu-1·

349 2940 460 2978 ritui
489 2939 542 2979 R¹
593 2938 611 2992 Η
660 2941 712 2980 28
743 2940 971 2981 ueiculum
1003 2939 1040 2979 R
1086 2936 1104 2993 Η
1153 2941 1205 2979 31
1245 2938 1528 2990 ditatamque
1559 2952 1582 2978 r
1630 2935 1649 2992 Η
1932 2957 1958 2966 >-
