1982 3230
10 634 38 734 Ξῖ,

16 733 39 822 g

240 795 312 846 Ab
347 796 465 846 Ioue
499 790 817 861 principium]
1918 846 1923 857 ·

43 922 45 925 .
241 878 505 937 Quaeritur
539 894 693 943 quare
729 878 789 928 ab
825 878 942 928 Ioue
980 878 1143 941 coepit
1188 883 1235 926 et
1269 891 1366 925 non
1407 892 1434 925 a
1470 876 1622 926 Musis
1657 881 1712 925 ut
1735 885 1851 928 363

42 998 46 1004 .
97 950 359 1001 Homerus.
436 951 738 999 conueniens
774 950 926 1011 magis
962 948 1058 997 hoc
1102 948 1379 998 aestimauit
1414 947 1715 1010 principium

98 1019 486 1077 PhaenomeniS‚
523 1026 578 1069 ut
612 1020 783 1069 Iouem
820 1020 1100 1075 inuocaret,
1137 1018 1371 1083 quoniam
1408 1023 1456 1067 et
1490 1019 1715 1080 ipsarum

13 1109 16 1117 ·
42 1103 79 1138 -5
101 1089 428 1140 Camenarum
456 1095 531 1140 est
556 1091 696 1154 origo
722 1089 958 1153 luppiter.
1023 1103 1123 1137 non
1151 1087 1286 1138 solus
1313 1095 1480 1137 autem
1506 1089 1570 1136 ita
1600 1102 1715 1136 coe-

18 1214 20 1217 ,
97 1162 230 1226 pisse
264 1161 463 1211 uidetur
489 1162 665 1210 Aratus
703 1160 789 1209 sed
817 1164 866 1209 et
891 1159 1063 1209 Crates
1101 1159 1322 1209 comicus
1360 1158 1421 1208 ab
1458 1160 1553 1208 isto
1591 1159 1715 1224 inei·

29 1255 34 1258 -
97 1231 242 1295 piens
292 1227 381 1301 [et]
433 1230 620 1295 profari
664 1232 900 1279 carmina.
978 1238 1026 1279 et
1071 1229 1303 1292 Sophron
1349 1230 1399 1277 in
1444 1229 1596 1278 mimo
1633 1228 1719 1292 qui

99 1302 341 1351 ‘nuntius'
368 1301 599 1351 scribitur
625 1297 671 1369 [a
689 1300 832 1349 Vesta
857 1296 1120 1368 incipiens]
1153 1302 1345 1349 ‘omnes
1370 1301 1552 1348 inuooo
1581 1298 1715 1355 deoS,

59 1393 64 1396 ·
98 1369 269 1421 Iouem
310 1372 530 1420 omnium
557 1372 868 1434 principem'.
934 1375 982 1419 et
1008 1371 1264 1433 quaeritur
1291 1370 1430 1418 cuius
1455 1368 1587 1417 Iouis
1612 1383 1715 1417 me-

0 1457 20 1507 J
56 1453 80 1488 ο
100 1441 318 1499 minerit,
347 1447 579 1491 utrumne
605 1440 817 1491 fabulosi
849 1456 910 1490 an
938 1439 1190 1491 naturalis.
1232 1445 1280 1490 et
1305 1438 1715 1505 philosophorum

19 1508 34 1564 R
99 1511 299 1577 quidem
326 1512 525 1577 plurimi
550 1511 788 1561 naturalis
814 1512 950 1560 aiunt
976 1526 1088 1561 eum
1111 1510 1242 1560 Iouis
1268 1511 1567 1567 meminisse,
1597 1509 1714 1560 Cra-

20 1598 31 1656 :i
98 1587 174 1632 tes
199 1590 366 1632 autem
394 1583 563 1632 Iouem
590 1583 776 1632 dictum
804 1580 1011 1631 caelum.
1072 1582 1356 1631 inuocatum
1383 1595 1506 1630 uero
1534 1581 1713 1629 merito

24 1661 49 1700 3-
101 1666 268 1702 aerem
295 1658 342 1702 et
368 1653 618 1718 aetherem
645 1651 777 1716 quod
803 1653 853 1700 in
881 1652 958 1702 his
985 1653 1083 1700 sint
1108 1651 1286 1701 sidera.
1365 1658 1413 1701 et
1440 1650 1715 1700 Homerum

23 1741 30 1751 ·
99 1721 270 1773 Iouem
297 1723 476 1772 dixisse
501 1724 550 1771 in
577 1721 737 1786 aliqua
764 1728 904 1786 parte
932 1721 1124 1772 caelum

25 1807 80 1862 {²⁵
245 1804 319 1858 ὡς
345 1806 392 1858 δ’
418 1804 508 1858 ὅτε
533 1807 784 1870 ταρφεῑαι
809 1805 1032 1871 νεφέλαι
1059 1804 1195 1857 Διὸς
1223 1804 1573 1858 ἐκποτέονται

0 1923 3 1926 >
24 1903 27 1936 ΐ
104 1897 153 1942 et
176 1891 338 1956 ipsum
363 1893 566 1941 Aratum
947 1893 949 1895 ’

863 1959 1033 2024 αὐτὰρ
1062 1959 1092 2012 ὁ
1119 1960 1308 2013 Ἵππος

447 2030 506 2082 έν
536 2030 672 2082 Διὸ(
699 2029 910 2082 εἱλεῖται
1290 2045 1294 2048 ⁴

35 2139 38 2142 ⁴
104 2131 216 2167 oum
253 2116 370 2166 dicit
406 2116 648 2166 Hesiodus
684 2116 851 2166 Iouem
882 2113 1111 2184 [dictum]
1157 2120 1272 2166 aera
1308 2120 1355 2166 et
1383 2116 1552 2167 Crates
1590 2117 1717 2166 eius·
1743 2124 1855 2167 378

217 2285 475 2338 Inscriptum
495 2284 750 2326 CLAVDII
771 2283 1061 2326 CAESARIS
1082 2284 1270 2326 ARATI
1294 2283 1726 2326 PHOENOMENA

34 2387 35 2392 ¹
101 2343 147 2383 in
167 2342 208 2382 P
222 2337 242 2395 11
262 2343 289 2382 4
309 2342 377 2381 uti
396 2341 439 2381 B
460 2338 479 2395 ΙΙ
500 2343 587 2394 qfio
612 2343 658 2381 et
678 2340 720 2380 B
740 2338 760 2395 [l
780 2343 806 2382 5
838 2344 885 2382 et
905 2341 947 2381 B
971 2338 994 2395 [1
1019 2342 1045 2380 6
1077 2342 1133 2381 ab
1167 2342 1255 2381 isto
1286 2341 1516 2393 incipiens
1547 2340 1726 2394 profari

103 2398 262 2449 scripsi
282 2410 309 2437 a
329 2400 463 2437 uesta
494 2410 522 2436 a
543 2397 772 2450 incipiens
805 2401 851 2437 et
871 2397 1048 2450 profari
1072 2398 1105 2438 G
1123 2394 1142 2451 ΙΙ
1162 2399 1188 2439 8
1210 2397 1408 2438 nuncius
1430 2398 1471 2436 P
1487 2393 1506 2450 ΙΙ
1528 2409 1556 2437 a
1577 2397 1724 2439 Vesta

32 2476 35 2491 2
102 2452 329 2506 incipiens
359 2454 441 2493 del.
474 2453 713 2493 Meinekius
735 2453 894 2505 fragm.
926 2466 1028 2494 com.
1059 2454 1115 2493 II
1144 2467 1189 2506 p.
1222 2455 1303 2493 251
1351 2449 1372 2507 ss
1418 2453 1564 2494 omnis
1593 2453 1636 2492 B
1685 2449 1706 2506 ΙΙ

33 2527 34 2548 ;
106 2508 216 2550 deos
238 2504 436 2561 omiB-{l
479 2511 530 2549 13
563 2521 669 2549 aere
702 2508 743 2547 B
803 2505 812 2563 1
859 2509 899 2548 is
929 2509 971 2548 B
1010 2505 1029 2563 {l
1069 2513 1174 2549 sunt
1202 2510 1243 2549 P
1287 2506 1306 2563 {l
1349 2510 1400 2550 15
1437 2506 1725 2563 T3571100c

37 2597 39 2601 ,
110 2563 334 2607 ΛΟΤΟΥ
358 2561 619 2617 ,ΙΑΡΦΕΙΛΙ
658 2561 764 2605 ΝΕΦ
786 2564 885 2614 ιΑΑΙ
910 2565 1046 2606 Atoc
1078 2564 1543 2609 ΕΧΠΟΤΟΑΝΤΟΙ
1566 2565 1608 2604 Β
1636 2565 1723 2610 ωΟ

0 2620 5 2622 ’
37 2636 40 2653 ³
109 2621 333 2667 ΛΟΤΟΥ
363 2620 597 2665 ΙΑΡΦΕΙΔΙ
635 2622 874 2665 Nemeam
908 2621 1055 2666 Aloe
1095 2620 1558 2667 ΕΧΠΟΤΟΔΝΤΟΙ
1591 2622 1633 2661 Ρ
1686 2622 1707 2679 Η

53 2707 57 2710 -
109 2680 163 2721 17
184 2695 224 2722 ιι.
247 2683 337 2722 223
368 2679 567 2721 ΔΥΤΔΡ
602 2677 646 2720 Ο
673 2678 859 2722 ΙΠΠΟΕ
894 2681 967 2724 ΕΝ
992 2679 1140 2725 Aloe
1171 2680 1416 2725 ΕΙΛΕΙΤΛΙ
1451 2681 1493 2721 Β
1523 2680 1724 2723 ΑΥΤΛΡ

37 2755 42 2762 ’-
112 2735 155 2778 O
191 2735 451 2781 mtTOcet
489 2736 737 2781 ΕΙΔΕΙΤΛΙ
771 2739 812 2778 Ρ
857 2735 878 2802 11
927 2740 978 2779 19
1010 2738 1241 2779 Hesiodus
1272 2738 1484 2791 Surinyar
1511 2739 1568 2789 cf.
1591 2739 1724 2781 schol.

107 2793 241 2835 Arati
266 2809 312 2848 p.
336 2798 406 2846 49,
429 2797 487 2835 24
515 2797 581 2836 ed.
614 2795 751 2837 Bekk.
783 2793 989 2835 Ἡειοδοε
1018 2793 1217 2836 (θπάντα
1254 2792 1371 2836 ἰδὼν
1400 2792 1514 2836 Διὸ(
1546 2793 1572 2836 ὸ
1614 2795 1726 2837 θαλ-

107 2847 239 2902 msc„
279 2849 366 2894 τὸν
396 2850 510 2905 ἀέρα
539 2851 667 2894 οὕτω
701 2851 859 2894 καλῶν
891 2851 1137 2893 herodotus
1167 2850 1210 2891 B
1247 2851 1475 2893 Erodotus
1503 2852 1545 2893 P
1600 2849 1609 2906 Ι
1657 2851 1727 2894 di-
