1982 3230
693 123 775 164 DE
809 120 1137 164 CODICIBVS
1600 123 1732 164 XVII

15 268 34 293 «r
106 251 328 302 Halmius
363 251 423 301 ad
458 250 686 300 rhetores
722 249 824 298 Lat.
854 264 901 313 p.
930 247 1051 307 477,
1080 248 1164 300 32.
1203 250 1317 299 huic
1355 257 1518 300 textus
1554 250 1730 315 depra-

104 337 287 386 uationi
325 337 409 400 qui
435 349 731 386 succurrere
759 334 1038 384 studuerint
1074 335 1224 385 fuisse
1251 337 1347 385 iam
1377 335 1534 385 media
1573 342 1730 386 aetate

104 422 222 470 satis
247 419 430 470 multos
465 435 522 468 ex
552 420 778 469 codicum
817 418 1230 484 interpolatorum
1260 436 1470 470 numero
1507 428 1727 486 apparet,

105 520 314 570 quorum
351 520 501 569 opera
540 504 726 568 aliquot
760 504 895 554 locos
930 504 1106 553 leuiter
1146 512 1408 570 corruptos
1449 506 1726 563 emendaui,

103 604 228 654 quos
264 595 428 638 tamen
466 591 685 654 integros
724 590 955 638 conferre
993 604 1140 653 quam
1179 588 1364 638 inutilis
1390 596 1488 638 tam
1517 591 1729 653 ingentis

102 673 273 724 fuisset
308 673 517 724 laboris:
568 674 818 738 desumpsi
854 689 1026 723 eorum
1063 673 1301 723 lectiones
1339 691 1395 724 ex
1425 674 1605 740 Koppii
1643 675 1727 724 ad·
1776 681 1785 687 ’

102 760 368 808 notatione.
434 762 596 824 itaque
637 758 821 823 aliquot
864 758 1020 808 bonas
1066 759 1435 809 emendationes
1483 759 1727 824 praebue-

10 839 16 845 ’
100 850 218 892 runt
254 844 576 909 Hugianus
616 844 768 894 codex
807 843 1040 907 Friburgi
1077 850 1330 901 seruatuS,
1387 845 1727 894 Vossianus

99 943 198 993 quo
236 931 532 979 Arntzenius
576 945 694 979 usus
739 935 811 978 est
858 929 1214 993 (miscellanea.
1269 930 1481 979 Traiecti
1529 930 1586 978 ad
1630 930 1722 978 Rh.

99 1012 480 1078 CIDIDCCLXV)
507 1014 895 1070 DresdensiS,
926 1014 1724 1064 Ettenheimmuensteren·

99 1100 188 1148 sis
223 1114 355 1149 nunc
391 1098 708 1149 Caroliruhae
747 1104 988 1148 seruatus.
1054 1099 1460 1148 Monacenses
1503 1101 1726 1165 Koppius

100 1183 273 1234 habuit
300 1190 514 1248 septem,
545 1198 757 1247 quorum
786 1184 1178 1248 antiquissimum
1211 1213 1270 1219 —
1295 1183 1475 1233 saeculi
1498 1184 1537 1232 X
1558 1190 1630 1232 est
1663 1213 1718 1219 —-

97 1268 322 1318 adhibuit
350 1268 570 1318 Halmius
607 1284 820 1334 eumque
855 1269 949 1317 iam
988 1268 1315 1318 uehementer
1353 1268 1722 1332 interpolatum.

97 1353 158 1402 ad
214 1353 538 1418 interpolatos
590 1355 731 1403 etiam
782 1352 1118 1402 Bodleiani
1171 1355 1422 1417 pertinere
1476 1354 1721 1411 uidentur,

97 1453 311 1502 quorum
339 1445 501 1488 tamen
529 1439 848 1503 perexiguam
876 1438 1096 1486 notitiam
1117 1437 1341 1502 Koppius
1368 1439 1591 1503 praebet.
1647 1441 1721 1488 in-

96 1522 323 1588 terpolati
351 1525 495 1572 etiam
526 1523 670 1572 L-eid
691 1537 874 1572 enses
901 1529 1039 1580 sunt,
1094 1538 1304 1587 quorum
1335 1524 1720 1587 Oudendorpius

98 1609 144 1657 in
174 1610 527 1658 commentario
554 1607 824 1672 Apuleiano
858 1608 1170 1672 frequentem
1200 1603 1502 1658 mentionem
1531 1610 1716 1678 iniecit.

83 1708 369 1758 paucorum
391 1693 615 1743 locorum
645 1693 1038 1743 emendationem
1069 1693 1226 1743 debeo
1254 1694 1412 1743 codici
1434 1694 1722 1744 Bamber·

97 1780 276 1843 gensi
314 1794 359 1828 n.
398 1776 501 1828 393
548 1780 632 1842 qui
668 1778 827 1827 solum
875 1793 1059 1827 nonum
1108 1778 1291 1827 librum
1328 1781 1546 1828 continet
1595 1779 1719 1843 (uid.

7 1881 11 1886 ·
95 1861 377 1928 p.350,25.
406 1860 526 1920 354,
546 1860 594 1912 9.
623 1861 743 1920 372,
768 1861 832 1911 13
854 1862 964 1927 sq.).
1015 1862 1167 1911 multa
1195 1864 1371 1912 deinde
1400 1866 1516 1913 uitia
1548 1872 1594 1913 et
1619 1864 1720 1928 ple-

31 1985 34 1989 .
95 1962 306 2012 rumque
344 1947 540 2012 quidem
575 1954 629 1997 ut
654 1948 851 1997 uidetur
891 1964 948 1996 ex
976 1963 1060 1996 sua
1091 1949 1374 1997 coniectura
1406 1949 1600 1999 sustulit
1636 1951 1720 2014 qui

94 2034 284 2098 primus
310 2033 603 2082 Martianum
642 2033 791 2082 edidit
827 2049 884 2082 ex
925 2032 1094 2082 codice
1133 2034 1250 2082 satis
1287 2042 1523 2098 corrupto
1563 2034 1718 2084 Fran-

95 2119 254 2167 ciscus
280 2116 447 2167 Vitalis
472 2117 722 2168 Bodianus
750 2118 1033 2168 vincentiae
1061 2103 1109 2167 as
1125 2118 1504 2175 MCCCCXC1X;
1536 2118 1722 2184 aliquot

94 2203 443 2252 Bonauentura
471 2202 809 2252 Vulcanius
836 2203 1228 2266 quiMartianum
1258 2205 1322 2252 ita
1353 2203 1604 2268 euulgauit
1624 2205 1719 2254 Ba-

94 2286 242 2336 sileae
267 2302 365 2336 una
393 2302 504 2336 cum
526 2288 715 2338 Isidoro
736 2288 1011 2352 Hispalensi
1034 2305 1076 2338 a.
1094 2289 1417 2347 MDLXXVIL
1447 2296 1502 2339 ut
1523 2305 1643 2354 quas
1670 2292 1718 2339 in

93 2372 366 2436 marginem
411 2373 655 2422 reiecerat
690 2373 807 2422 boni
852 2370 1055 2423 alicuius
1104 2373 1218 2423 libri
1256 2374 1492 2424 lectiones
1538 2390 1620 2425 eas
1658 2376 1716 2424 ad

62 2520 65 2521 ⁷
93 2456 247 2507 uerba
274 2447 529 2520 scriptoris
556 2458 862 2507 emendanda
886 2460 1136 2508 rarissime
1164 2460 1447 2516 adhiberet;
1478 2459 1608 2509 nulla
1633 2461 1718 2524 qui

94 2548 399 2591 curauerunt
457 2543 724 2592 editionem
775 2544 1199 2594 Basileensem
1260 2546 1373 2594 anni
1424 2544 1712 2603 MDXXXII,

92 2626 568 2688 Lugdunensem
609 2645 650 2678 a.
692 2625 852 2685 1592,
900 2645 1047 2693 quam
1085 2635 1269 2679 mutata
1308 2631 1625 2695 inscriptione
1655 2646 1713 2680 ex

92 2710 494 2774 Lugdunensi
535 2705 649 2762 anni
692 2710 828 2764 1538
871 2716 1131 2779 repetitam
1172 2730 1278 2764 esse
1318 2715 1438 2764 dixit
1474 2715 1710 2765 Ebertus:

7 2815 11 2818 ·
94 2809 185 2858 ego
236 2797 365 2844 enim
412 2796 571 2846 solum
617 2800 941 2862 posteriorem
987 2800 1102 2850 uidi.
1180 2799 1485 2862 praeclaram
1539 2801 1714 2850 deiude

94 2893 293 2943 operam
347 2881 586 2932 Martiano
646 2884 886 2949 impendit
936 2885 1218 2947 Hugeianus
1270 2884 1529 2934 Grotius
1591 2901 1715 2951 puer

179 2991 447 3022 unm-mnus
480 2995 689 3024 carminis
1341 2970 1370 3018 l)
