1982 3230
0 690 16 791 ξ,

0 793 19 947 ἓ

0 950 26 982 ,-

0 1024 13 1046 ,

671 128 755 170 DE
788 125 1118 169 CODICIBVS
1641 125 1710 169 XI

22 300 50 318 ⁴2
83 260 378 320 gnoscatur:
417 269 570 318 pauca
597 269 724 320 quae
751 256 958 304 mutauit
985 259 1033 304 et
1059 252 1246 303 addidit
1271 251 1556 315 singillatim
1587 268 1707 302 eno·

31 356 39 379 ›·
86 340 207 390 taui.
265 353 440 389 uerum
467 339 714 402 antiquior
750 337 832 388 ille
859 353 951 388 nec
978 337 1120 387 facile
1157 353 1250 387 nec
1276 352 1476 401 semper
1503 338 1706 386 omnino

88 423 323 487 distingui
366 429 529 487 potest
565 439 591 472 a
627 424 790 487 primo
816 421 1021 471 librario
1061 423 1321 487 primoque
1367 422 1703 471 emendatore.

85 509 250 574 itaque
275 522 338 556 ne
364 507 534 558 salsam
562 508 892 557 accurationis
927 508 1144 571 speciem
1171 508 1430 563 iactarem,
1468 506 1706 571 quidquid

86 591 398 651 emendatum
429 597 502 642 est
546 608 572 642 a
603 591 797 642 duobus
823 592 998 657 primis
1038 590 1442 640 emendatoribus
1478 590 1642 640 littera
1676 592 1706 639 b

84 676 325 740 insignire
362 692 508 741 quam
537 677 839 740 distinguere
877 691 1002 740 quae
1038 676 1275 739 distingui
1311 680 1565 740 nequeunt
1601 690 1705 724 ma-

83 759 170 811 lui.
209 761 492 811 emendauit
519 767 682 810 autem
710 761 790 810 hic
817 777 875 810 ex
902 761 1098 824 ingenio
1126 760 1365 824 quaedam
1386 760 1472 808 sed
1493 758 1703 808 leuicula

83 845 250 895 omnia
276 844 508 910 idemque
534 851 617 895 aut
644 847 842 909 egregie
868 844 1011 894 fallor
1048 854 1131 894 aut
1157 844 1343 894 addidit
1369 843 1557 908 glossas
1582 859 1703 908 pau-

82 944 168 979 cas
194 930 253 979 ad
275 931 490 994 primum
521 945 808 995 nonumque
836 929 991 978 libros
1016 930 1259 980 ineuntes,
1307 935 1529 978 ceterum
1558 942 1704 991 saepe

84 1013 285 1064 difficile
324 1020 398 1064 est
422 1014 676 1064 intellectu
714 1015 831 1078 quid
869 1015 1099 1079 primitus
1135 1015 1373 1078 scriptum
1405 1014 1573 1069 fuerit,
1621 1012 1705 1061 ali·

0 1157 8 1167 .
84 1100 314 1162 quotiens
349 1099 589 1162 dispicere
628 1100 829 1147 omnino
868 1114 968 1146 non
999 1099 1152 1161 potui.
1206 1113 1406 1147 rasuras
1432 1097 1705 1159 significaui

85 1181 308 1231 stellulis,
342 1212 399 1218 —-
456 1198 607 1232 unum
653 1189 806 1232 restat
851 1183 911 1231 (le
949 1198 1046 1247 quo
1084 1182 1390 1231 confidenter
1435 1181 1704 1246 quidquam

84 1272 304 1316 statuere
340 1268 423 1316 uix
450 1267 623 1317 audeo,
689 1282 798 1316 cum
839 1269 969 1316 enim
1006 1268 1263 1330 antiquum
1298 1265 1437 1314 illum
1471 1265 1703 1314 emenda-

86 1355 242 1401 torem
285 1366 345 1400 ex
389 1366 488 1400 uno
531 1350 659 1401 libro
706 1352 925 1400 codicem
973 1350 1264 1400 emendasse
1316 1351 1480 1399 omnia
1524 1349 1703 1398 indicia

0 1438 6 1505 J
80 1433 346 1491 suadeant,
385 1436 508 1485 mira
547 1435 627 1484 illa
656 1434 903 1485 adnotatio
943 1450 1069 1499 quae
1098 1436 1224 1484 sacta
1260 1440 1333 1483 est
1358 1435 1419 1483 ad
1445 1450 1496 1499 p.
1523 1431 1607 1490 24,
1640 1433 1705 1482 13

0 1528 19 1582 j
85 1533 226 1568 meae
253 1519 329 1569 ed.
356 1521 450 1570 hoc
495 1523 544 1569 in
583 1522 878 1582 quibusdam
920 1521 1172 1570 codicibus
1214 1533 1311 1568 non
1351 1521 1561 1568 habetur
1604 1534 1704 1567 nou

19 1594 29 1617 ³
84 1602 230 1652 uideo
257 1619 353 1668 quo
381 1604 527 1654 modo
556 1604 792 1669 explicari
819 1606 994 1668 possit,
1023 1606 1118 1653 nisi
1143 1604 1324 1654 librum
1348 1620 1407 1654 ex
1435 1620 1531 1669 quo
1559 1605 1704 1653 Bam-

0 1688 21 1723 ῑ-
87 1686 346 1752 bergensis
383 1689 673 1738 emendatus
709 1695 782 1739 est
816 1690 978 1753 ipsum
1018 1691 1308 1739 recensione
1344 1689 1503 1752 aliqua
1540 1695 1703 1737 ortum

0 1767 12 1830 ⁵}
82 1786 194 1822 esse
218 1778 378 1837 putes.
441 1788 535 1838 qua
572 1775 622 1823 iu
649 1790 704 1823 re
731 1774 845 1824 uide
882 1790 943 1823 ne
970 1775 1116 1823 nimis
1144 1773 1377 1822 audacter
1413 1773 1545 1821 hunc
1572 1771 1703 1821 codi-

84 1869 193 1905 cem
231 1857 390 1920 ipsum
427 1857 564 1906 illum
601 1858 878 1913 credamus,
932 1874 1077 1922 quem
1116 1873 1161 1906 a.
1194 1855 1298 1907 498
1333 1857 1520 1905 Romae
1557 1856 1702 1906 docta

8 1962 14 1967 ·
83 1938 248 2004 aliqua
284 1942 575 1991 recensione
611 1949 772 1991 ortum
823 1958 929 1992 esse
969 1948 1112 1991 antea
1147 1942 1431 2004 significaui,
1496 1940 1626 2004 quod
1663 1943 1706 1989 si

87 2038 262 2074 uerum
290 2033 387 2083 est,
425 2041 598 2091 parum
628 2026 884 2089 probabile
911 2027 1107 2076 uidetur
1134 2028 1395 2075 inuentum
1421 2027 1484 2074 iri
1521 2024 1702 2074 librum

0 2131 6 2186 s
82 2106 186 2173 quo
211 2110 375 2159 minus
403 2118 630 2176 corrupta
660 2111 803 2161 huius
830 2111 1087 2174 scriptoris
1122 2110 1391 2160 uerborum
1426 2110 1704 2159 conforma·

84 2193 152 2242 tio
177 2195 503 2244 contineatur.

229 2278 395 2327 Codex
433 2280 473 2329 R
497 2295 523 2328 e
547 2282 559 2328 i
585 2296 611 2329 c
634 2279 667 2328 h
689 2296 714 2329 e
735 2295 767 2328 n
791 2296 818 2329 a
841 2296 874 2330 u
896 2295 922 2329 e
945 2295 976 2328 n
1001 2281 1057 2328 si
1078 2296 1101 2330 s
1139 2294 1272 2329 nunc
1311 2278 1703 2330 Caroliruhensis

0 2418 9 2436 ἶ
84 2360 345 2412 n.LXXlll
373 2365 588 2428 scriptus
615 2370 691 2414 est
710 2363 908 2413 saeculo
936 2370 1018 2414 aut
1044 2365 1236 2414 decimo
1265 2370 1475 2414 exeunte
1503 2369 1586 2413 aut
1612 2379 1704 2413 un-

84 2444 280 2495 decimo
317 2448 518 2497 ineunte
554 2451 602 2497 in
631 2448 933 2498 membranis
959 2449 1147 2498 formae
1183 2450 1426 2497 maximae
1461 2446 1705 2510 oblongae

84 2528 148 2579 ad
185 2531 460 2596 exemplum
499 2539 583 2582 aut
621 2534 723 2582 eius
759 2533 910 2598 ipsius
947 2539 1029 2583 aut
1054 2532 1316 2596 persimilis
1342 2532 1478 2589 libri,
1519 2548 1578 2580 ex
1607 2547 1704 2595 quo

88 2613 470 2679 Bamhergensis
498 2617 776 2680 descriptus
803 2622 890 2666 est.
933 2627 1058 2681 q‘uae
1084 2618 1135 2665 in
1173 2616 1420 2666 exarando
1447 2622 1706 2665 errauerat

0 2723 25 2744 -·‹
57 2735 59 2738 Α
88 2698 342 2756 librariuS,
392 2716 446 2750 ea
492 2702 595 2765 ipse
643 2708 696 2750 ut
741 2701 936 2751 uidetur
981 2707 1148 2765 postea
1196 2716 1253 2749 ex
1300 2699 1567 2764 archetypo
1614 2715 1704 2749 suo

87 2785 329 2840 correxit,
369 2785 453 2834 sed
480 2786 544 2834 ita
571 2791 625 2834 ut
651 2800 710 2834 ex
737 2786 1020 2834 coniectura
1049 2784 1170 2833 nihil
1198 2784 1499 2833 emendaret.
1539 2785 1706 2848 itaque

89 2881 149 2916 ex
200 2867 295 2917 hoc
344 2868 472 2918 libro
525 2869 786 2918 coniuncto
838 2885 949 2918 cum
996 2868 1375 2931 Bambergensis
1424 2869 1704 2917 testimonio
