1982 3230
0 0 163 200 V
319 62 323 66 ·
781 102 970 145 LIBER
998 101 1088 144 VII
1614 98 1680 151 27
1689 99 1719 151 7

6 192 42 297 {⁵
110 250 214 307 dio,
261 247 438 298 deinde
489 246 838 311 supertertium
890 250 1273 310 superquartum
1318 258 1614 310 semperque
1659 242 1722 292 ad

109 321 275 370 minus
301 326 350 369 et
375 318 535 368 minus
563 317 804 382 peruenit.
856 331 980 381 quae
1007 330 1179 365 omnes
1206 317 1422 365 rationes
1447 317 1576 364 inter
1597 313 1724 363 duos

110 391 235 440 fines
260 396 374 440 sunt
409 390 472 438 ita
501 386 718 453 [numeri
753 386 892 453 sunt]
932 393 987 435 ut
1012 391 1127 450 puta
1155 385 1291 451 dupli
1328 387 1454 435 ratio
1483 392 1555 436 est
1589 385 1720 434 inter

110 461 154 511 Π
189 467 237 511 et
268 460 313 519 1,
350 458 483 524 tripli
518 460 646 507 inter
679 458 744 508 ΙΙΙ
771 457 863 507 etl
902 455 1202 523 <quadrupli
1237 458 1367 506 inter
1405 462 1638 522 quattuor
1675 462 1725 505 et

67 543 278 583 5unum.
356 535 404 579 et
429 528 519 578 sub
555 529 738 578 eisdem
776 527 1053 578 rationibus
1080 528 1335 576 nominum
1372 528 1497 577 fines
1533 526 1724 576 minimi

112 617 300 667 suaque
328 601 698 664 comparatione
725 598 879 648 multo
905 599 1138 655 minoreS,
1169 597 1250 647 uel
1276 597 1367 647 sub
1397 597 1546 661 duplo
1575 611 1724 661 qnam

111 673 208 724 duo
237 678 285 722 et
309 686 489 728 unum,
525 669 607 720 uel
633 669 724 720 sub
754 668 900 735 triplo
928 683 1074 734 quam
1101 674 1203 718 tres
1231 675 1280 718 et
1304 684 1485 723 unum,
1525 667 1606 717 uel
1631 666 1724 717 sub

113 741 390 809 quadruplo
426 757 574 808 quam
615 746 844 805 quattuor
884 745 931 789 et
966 755 1120 789 unum
1156 746 1378 804 possunt.
1455 753 1608 804 super
1633 737 1724 787 hos

14 814 22 819 ⁴
113 815 289 865 deinde
328 811 685 879 quantumlibet
732 811 918 861 eisdem
961 810 1235 860 rationibus
1281 809 1435 860 solius
1478 811 1600 859 fines
1646 808 1726 857 his

15 898 90 932 -10
111 886 332 935 numeris
365 881 663 949 augentur.)
724 883 935 947 ideoque
963 897 1048 931 eos
1074 882 1224 939 fineS‚
1254 883 1340 946 qui
1377 882 1568 931 minimi
1595 886 1724 935 sunt,

111 954 382 1020 πυθμένας
429 952 828 1021 [Thermacides]
876 954 1133 1002 nominant
1170 953 1301 1016 quod
1346 959 1398 1002 ut
1442 967 1530 1002 uas
1575 965 1727 1015 super

23 1051 25 1053 ·
113 1043 256 1078 suum
282 1026 491 1076 fundum
519 1027 587 1074 sic
612 1026 809 1074 numeri
835 1025 1038 1073 rationis
1066 1024 1286 1074 eiusdem
1317 1039 1467 1089 super
1493 1023 1613 1072 istos
1641 1021 1725 1070 ad-

112 1100 404 1161 iunguntur.
465 1096 694 1162 idemque
721 1096 865 1145 etiam
891 1096 1082 1144 ratione
1110 1093 1468 1144 membrorum.
1531 1093 1720 1142 minimi
1752 1096 1834 1141 766

116 1169 247 1219 enim
280 1168 403 1218 fines
441 1173 554 1218 sunt
598 1166 938 1230 superdimidii
973 1166 1100 1215 inter
1136 1166 1180 1215 11
1217 1172 1266 1215 et
1303 1166 1391 1222 111,
1442 1163 1730 1229 supertertii

50 1251 94 1286 15
116 1241 244 1290 inter
266 1239 330 1289 111
352 1244 399 1289 et
419 1244 664 1304 quattuor,
686 1237 1000 1302 super-quarti
1025 1237 1153 1285 inter
1173 1241 1406 1299 quattuor
1427 1241 1474 1285 et
1493 1236 1727 1300 quinque,

118 1319 223 1361 tum
252 1309 428 1360 deinde
454 1308 544 1358 sub
571 1308 727 1357 isdem
754 1306 1027 1357 rationibus
1052 1308 1252 1356 numeri
1278 1305 1589 1370 conplentur.
1642 1319 1728 1355 ne-

45 1390 47 1392 ·
116 1397 211 1446 que
239 1379 330 1430 alia
358 1379 582 1430 condicio
611 1386 709 1435 est,
739 1393 863 1443 quae
889 1379 996 1443 ipsa
1031 1378 1205 1442 incipit
1230 1393 1257 1427 a
1284 1378 1427 1427 tertia
1466 1382 1629 1441 parte,
1660 1376 1730 1424 sic

114 1458 171 1502 ut
214 1450 555 1501 membrorum
599 1450 726 1499 ratio
762 1449 987 1506 dimidia,
1027 1448 1203 1498 deinde
1240 1450 1458 1513 primum
1496 1449 1730 1496 minimos

114 1523 237 1573 fines
264 1520 646 1586 conprehendit,
674 1526 781 1570 tum
809 1520 868 1569 ad
895 1520 1107 1570 maiores
1133 1521 1324 1569 transit.
1375 1536 1433 1569 ex
1461 1519 1538 1568 his
1564 1522 1729 1568 autem
1763 1525 1844 1565 767
1913 1563 1915 1565 ,

50 1607 93 1639 20
115 1595 224 1644 ueri
258 1591 414 1643 simile
451 1598 524 1641 est
558 1593 769 1655 primam
791 1604 797 1611 ·
819 1589 1275 1655 multiplicationem
1315 1605 1421 1640 esse
1456 1591 1731 1645 inuentam,

118 1664 298 1715 deinde
324 1664 566 1712 rationem
593 1661 951 1718 membrorum,
979 1668 1081 1710 tum
1111 1662 1342 1724 partium.
1409 1675 1572 1725 neque
1599 1660 1732 1708 enim

40 1797 42 1800 y
119 1734 382 1786 difficultas
419 1734 479 1782 ad
520 1731 724 1796 duplum
761 1732 938 1781 deinde
972 1731 1175 1795 triplum
1204 1737 1252 1781 et
1287 1729 1618 1798 quadruplum
1646 1744 1733 1794 ap-

116 1807 297 1872 paruit.
373 1810 478 1854 tuin
523 1820 583 1853 ex
623 1803 772 1867 duplo
817 1802 1156 1867 superdimidii
1199 1803 1325 1852 facta
1372 1801 1625 1859 condicio,
1673 1815 1733 1849 ex

118 1875 269 1948 triplo
295 1876 602 1941 supertertii,
632 1890 691 1924 ex
719 1872 994 1938 quadruplo
1030 1875 1348 1938 superquarti
1375 1879 1472 1930 est,
1499 1873 1734 1936 idemque

42 1959 99 2014 ⁸25
120 1949 170 1998 in
205 1944 523 1997 ulterioribus
568 1944 753 1994 incidit.
827 1959 942 1993 nam
980 1945 1062 2010 qui
1111 1943 1316 2009 duplum
1359 1942 1587 2000 uidebat,
1637 1942 1734 1991 hoc
1750 1947 1886 1990 2556

118 2019 226 2083 ipso
254 2018 417 2082 coepit
442 2015 728 2080 intellegere
750 2015 1020 2073 dimidium,
1050 2016 1162 2080 quia
1187 2021 1242 2064 ut
1269 2013 1474 2079 duplum
1502 2018 1734 2079 quattuor

121 2088 332 2138 duorum
361 2092 489 2144 sunt,
517 2088 588 2136 sic
616 2086 869 2136 dimidium
897 2091 1100 2151 quartae
1126 2087 1331 2136 rationis
1352 2086 1475 2135 duo:
1503 2091 1558 2134 ut
1582 2085 1735 2149 igitur

121 2158 315 2208 duobus
351 2157 606 2207 adiciendo
643 2163 874 2223 quattuor
910 2157 1049 2214 fecit,
1098 2157 1166 2206 sic
1203 2171 1377 2207 rursus
1422 2156 1736 2220 quaternioni

153 2341 175 2350 ‚
235 2301 261 2341 3
291 2299 466 2340 numeri
496 2302 603 2341 sunt
632 2300 772 2340 delent·
804 2295 829 2353 ss
866 2299 892 2340 5
921 2298 1099 2339 hisdem
1121 2299 1187 2339 bD
1227 2295 1246 2352 Η
1285 2300 1312 2339 8
1342 2298 1402 2338 ad
1418 2303 1611 2351 possunt
1630 2295 1734 2339 add.

124 2356 174 2398 a}
204 2360 310 2398 sunt
339 2357 363 2397 b
397 2352 416 2410 Η
451 2358 476 2397 9
508 2356 618 2398 solis
640 2356 664 2397 b
697 2353 718 2410 Π
756 2354 861 2396 finis
882 2353 942 2395 B²
984 2352 1004 2409 Η
1043 2357 1095 2396 10
1124 2354 1191 2395 hii
1211 2361 1309 2394 ante
1332 2366 1412 2395 eas
1435 2355 1535 2395 add.
1563 2351 1660 2393 B¹R
1698 2348 1719 2406 Π

124 2425 204 2454 eas
225 2413 307 2453 BR
335 2424 450 2455 corr.
472 2412 672 2464 Koppius
789 2412 866 2464 qui
895 2411 977 2452 BR
1016 2423 1107 2463 qua
1138 2412 1161 2451 b
1211 2407 1229 2463 ΙΙ
1278 2410 1454 2450 minimi
1484 2412 1591 2450 sunt
1612 2408 1738 2461 Kop-

118 2474 218 2523 pius
247 2468 433 2508 minime
465 2472 572 2509 eunt
591 2468 673 2508 BR
790 2471 841 2508 11
874 2465 1110 2518 πυθμένα(
1141 2467 1341 2519 Koppius
1371 2466 1671 2519 pytagoricus
1693 2463 1738 2504 B

119 2525 541 2581 phythagoricusR
586 2521 606 2578 l]
657 2523 986 2565 Thermaeides
1017 2525 1174 2564 deleuit
1202 2523 1400 2576 Koppius
1439 2519 1458 2576 ΙΙ
1497 2522 1740 2567 nominant,

119 2584 279 2635 scripsi
314 2582 500 2623 nomina
531 2581 643 2621 dant
672 2581 716 2621 B
752 2580 1023 2621 nominabat
1053 2580 1076 2619 b
1122 2581 1331 2620 nominat
1361 2580 1398 2620 R
1446 2576 1466 2633 [l
1512 2591 1596 2618 uos
1628 2578 1665 2618 R
1696 2583 1741 2618 et

123 2652 239 2682 corr.
270 2642 312 2679 in
341 2650 427 2679 uas
448 2637 491 2678 B
530 2636 580 2678 a}
608 2649 657 2677 os
686 2638 789 2678 add.
819 2637 842 2678 b
892 2634 913 2690 [l
963 2638 1013 2676 12
1045 2636 1112 2676 sic
1138 2649 1168 2688 p
1201 2636 1263 2676 sit
1283 2635 1365 2676 BR
1395 2635 1466 2675 ita
1497 2636 1597 2677 add.
1629 2635 1652 2674 b
1699 2631 1720 2686 ΙΙ

121 2697 237 2737 istos
266 2695 289 2736 b
330 2695 432 2735 istis
462 2694 505 2733 B
541 2694 678 2734 histis
707 2694 747 2734 R
799 2690 820 2746 Η
877 2694 929 2733 13
967 2693 1196 2733 rationem
1226 2692 1308 2733 BR
1364 2688 1384 2746 Η
1440 2692 1628 2732 minime
1656 2689 1741 2732 BR

125 2765 290 2805 σον-πρ
327 2748 347 2806 Ῑ]
387 2753 440 2792 16
470 2750 647 2791 hisdem
669 2751 707 2791 R
745 2747 765 2803 ΙΙ
806 2751 855 2790 17
889 2750 948 2790 ad
967 2762 1086 2802 quae
1118 2750 1218 2790 add.
1239 2748 1260 2790 1
1282 2749 1389 2801 qnia
1411 2748 1435 2788 b
1473 2744 1493 2802 Η
1533 2749 1586 2789 18
1607 2747 1740 2789 dimi-

126 2808 204 2850 dia
223 2821 250 2847 r
271 2807 321 2850 al
340 2807 559 2848 adimidia
580 2808 603 2848 b
635 2805 824 2848 demilia
844 2807 882 2847 R
904 2811 945 2847 et
967 2819 1081 2847 corr.
1103 2808 1146 2847 in
1169 2806 1226 2846 ab
1251 2805 1489 2847 emioliaB
1509 2801 1527 2859 Η
1558 2807 1609 2846 19
1641 2809 1745 2846 ante

127 2877 184 2907 ex
215 2866 316 2906 add.
351 2868 399 2905 at
419 2865 457 2906 R
490 2868 569 2905 aut
589 2861 648 2903 B¹
681 2860 708 2915 11
