1982 3230
1619 0 1622 3 '
1631 0 1763 34 Qvi?-
1771 0 1804 22 ἐτ’
1812 0 1829 22 T·-
1839 0 1982 83 εμπ

1655 97 1657 99 .
1924 60 1955 92 3⁶²*
1967 84 1978 102 ε.

278 126 379 180 178
661 110 664 112 ’
755 127 1054 170 MARTIANI
1083 126 1404 170 GAPELLAE

276 270 450 318 simam
484 283 686 317 manum
726 268 1071 332 comparauit’.
1147 265 1372 331 πάριεον
1406 283 1564 334 prope
1602 277 1878 335 aequatum.

277 340 398 388 haec
423 339 580 400 figura
607 337 770 387 differt
795 354 822 387 a
843 339 1114 402 superiore,
1143 338 1363 403 quodibi
1387 341 1608 389 omnium
1632 340 1880 391 membro-

276 424 386 457 rum
412 407 568 457 uerba
595 409 735 472 paria
769 414 885 457 sunt
908 422 1143 465 numero,
1179 409 1262 458 hic
1286 424 1386 459 uno
1412 409 1493 459 uel
1528 409 1682 460 altero
1717 411 1895 477 addito-

162 494 244 535 532
277 480 326 526 in
364 479 540 542 quouis
584 477 694 527 loco
740 483 902 528 cetera
948 484 1231 528 excurrunt.
1307 477 1683 543 ὁμοιόπτωτον
1726 480 1882 531 simile
1975 499 1982 502 ·

277 547 489 599 casibus,
563 563 676 598 nam
706 564 765 598 ex
794 564 851 598 eo
877 563 1060 597 nomen
1086 549 1291 612 accepit,
1320 551 1452 615 quod
1489 550 1596 600 cola
1633 552 1797 600 omnia
1830 552 1882 600 in
1925 563 1946 597 5

278 618 479 668 eosdem
515 633 657 668 casus
703 619 885 669 cadunt
919 624 972 668 ut
1008 625 1080 668 est
1124 619 1260 668 ‘huic
1293 621 1453 669 socios
1486 627 1682 670 uestros
1718 622 1882 670 crimi-

277 689 413 738 nanti
451 694 499 738 et
524 689 586 738 ad
623 688 809 738 bellum
846 704 936 738 uos
972 689 1251 738 cohortanti
1291 696 1338 738 et
1376 690 1604 741 omnibus
1638 691 1796 741 modis
1829 696 1885 740 ut

274 761 324 807 in
353 758 565 808 tumultu
601 761 770 809 essetis
796 759 1054 808 molienti'.
1130 757 1535 822 ὁμοιοτέλευτον
1562 760 1710 810 simili
1734 760 1883 810 modo

277 830 672 878 determinatum.
747 830 912 879 differt
947 845 972 878 a
1010 831 1266 893 superiore
1293 831 1426 895 quod
1460 833 1587 881 illud
1620 838 1668 880 et
1692 846 1811 881 casu
1837 837 1886 880 et

277 914 398 948 sono
427 899 583 970 =simili
620 906 871 963 postrema
896 898 1088 963 <uerba
1127 899 1443 958 determinat,
1483 900 1578 950 hoc
1615 916 1738 950 uero
1777 901 1883 950 soni
1907 914 1950 946 10

274 975 466 1022 tantum
512 969 834 1019 similitudine
872 969 962 1018 sub
999 984 1309 1034 quacumque
1357 970 1500 1020 uerbi
1550 971 1884 1020 enuntiatione

277 1040 608 1103 componitur.
681 1037 1053 1103 παρονομαεὶα
1087 1039 1212 1088 leuis
1245 1041 1501 1089 inmutatio
1536 1040 1678 1090 uerbi
1713 1056 1770 1090 ac
1794 1055 1884 1089 no-

277 1110 422 1157 minis
447 1109 495 1158 id
524 1116 597 1159 est
623 1125 737 1159 cum
775 1109 962 1174 syllaba
990 1115 1072 1158 aut
1097 1109 1260 1159 littera
1296 1115 1480 1159 mutata
1507 1110 1701 1160 diuersa
1737 1111 1884 1175 signi-

276 1180 389 1229 ficat
414 1185 469 1229 ut
503 1182 543 1229 si
570 1180 702 1230 dicas
729 1181 951 1245 ‘praetor
986 1181 1076 1229 iste
1109 1179 1191 1229 uel
1226 1181 1389 1244 potius
1414 1180 1638 1245 praedo’.
1712 1178 1884 1242 πλοκή

275 1250 322 1299 id
351 1257 424 1299 est
450 1249 713 1315 copulatio,
741 1252 794 1299 in
821 1265 917 1314 qua
942 1250 1073 1301 idem
1098 1249 1309 1299 uerbum
1337 1256 1419 1299 aut
1444 1265 1626 1300 nomen
1653 1250 1884 1300 continuo
1907 1262 1951 1295 15

276 1321 491 1383 positum
518 1321 712 1370 diuersa
740 1321 982 1384 significat
1007 1326 1061 1369 ut
1084 1326 1158 1369 est
1183 1320 1289 1369 ‘sed
1316 1326 1479 1370 tamen
1506 1321 1564 1370 ad
1597 1320 1730 1370 illam
1757 1320 1884 1370 diem

164 1391 245 1430 533
277 1390 533 1440 Memmius
583 1397 696 1440 erat
736 1392 1037 1440 Memmius'.
1113 1388 1430 1451 παλιλλογία
1479 1392 1688 1440 iteratio.
1763 1390 1886 1440 haec

276 1460 433 1523 figura
459 1462 668 1525 repetito
691 1460 847 1510 uerbo
874 1466 958 1509 aut
978 1461 1175 1509 nomine
1200 1475 1301 1509 non
1323 1461 1517 1509 diuersa
1542 1460 1650 1510 uult
1667 1459 1886 1523 intellegi

277 1530 363 1579 sed
398 1530 740 1580 uehementius
775 1532 985 1594 repetita
1022 1530 1265 1594 significat
1298 1537 1353 1579 ut
1389 1536 1461 1579 est
1498 1533 1608 1580 enos
1648 1545 1740 1578 nos
1775 1530 1884 1579 dico

277 1606 461 1664 aperte,
501 1615 592 1650 nos
636 1599 862 1650 consules
906 1601 1179 1650 desumus'.
1266 1598 1603 1662 ἐπανάληψις
1640 1600 1883 1664 repetitio.
1907 1611 1951 1643 20

276 1670 400 1719 haec
426 1671 583 1734 figura
611 1686 636 1719 a
664 1671 922 1734 superiore
949 1671 1109 1725 distat,
1141 1669 1273 1734 quod
1299 1669 1381 1719 illa
1409 1670 1578 1719 eadem
1605 1674 1746 1734 parte
1775 1684 1884 1719 ora-

126 1746 256 1790 175G
279 1740 422 1788 tionis
457 1742 665 1804 repetita
703 1741 1015 1804 coniungitur
1042 1747 1125 1789 aut
1159 1754 1258 1789 uno
1296 1739 1518 1790 alteroue
1543 1739 1700 1789 uerbo
1734 1740 1885 1789 inter-

277 1811 453 1873 posito.
495 1816 543 1859 at
562 1811 684 1860 haec
711 1825 809 1858 non
831 1825 926 1859 una
947 1817 1087 1874 parte
1109 1810 1382 1876 orationis>
1403 1810 1487 1859 sed
1513 1815 1663 1874 prout
1687 1808 1886 1859 libuerit

277 1881 471 1929 sociatis
498 1880 666 1930 uerbis
699 1888 754 1930 ut
783 1886 856 1930 est
880 1883 999 1930 ‘non
1018 1885 1195 1945 potest,
1231 1881 1326 1929 iam
1357 1895 1456 1929 non
1487 1885 1647 1944 potest
1674 1879 1797 1929 haec
1827 1878 1884 1928 li-

279 1949 398 1999 bera
428 1952 602 2000 ciuitas
629 1955 773 2000 esse’.
832 1995 834 1997 .
1905 1960 1950 2005 ‚25

418 2031 806 2071 ANADIPLOSIS
836 2025 909 2070 est
932 2030 1382 2070 REDVPLICATIO.
1459 2021 1639 2084 optima
1667 2025 1740 2070 est
1773 2034 1884 2069 cum

395 2174 445 2212 16
479 2171 572 2212 οἱα.
593 2173 758 2226 fragm.
780 2186 826 2225 p.
847 2174 930 2213 468
952 2173 1028 2213 Or,
1054 2172 1115 2225 (1)
1156 2171 1171 2227 Η
1211 2176 1263 2214 19
1294 2149 1658 2224 or.0at11.1§3

394 2313 419 2351 2
450 2313 649 2352 omnium
679 2311 980 2353 membrorum
1009 2312 1153 2353 uerba
1182 2312 1450 2353 Ruhnkenius
1479 2312 1633 2353 omnia
1661 2312 1883 2353 membro-

280 2379 379 2407 rum
411 2381 583 2421 genera
612 2368 694 2408 BR
733 2366 752 2423 {l
799 2370 827 2409 4
858 2371 1013 2409 cetera
1034 2368 1116 2408 BR
1146 2369 1319 2421 pariter
1340 2369 1500 2421 Aquila
1519 2375 1636 2409 recte
1675 2365 1695 2422 [Ι
1733 2369 1759 2409 8
1789 2381 1882 2408 mo-

279 2422 414 2464 lienti
453 2424 723 2465 Rulmlcenius
761 2424 936 2465 uolenti
976 2424 1058 2465 BR
1103 2421 1122 2478 Η
1169 2427 1195 2465 9
1235 2423 1349 2464 illud
1389 2426 1507 2464 add.
1527 2439 1557 2477 p
1611 2421 1630 2478 ΙΙ
1686 2425 1737 2464 12
1777 2436 1883 2476 par·

282 2481 516 2520 onomosia
546 2480 588 2520 B
642 2478 661 2535 [l
718 2482 771 2521 14
801 2480 931 2521 dicas
956 2494 988 2533 p
1026 2479 1152 2521 dieat
1181 2480 1266 2521 BD
1314 2477 1333 2535 ΙΙ
1387 2481 1478 2521 iste
1509 2480 1777 2521 Ruhnkenius
1806 2478 1887 2531 (ad

280 2536 425 2589 Aquil.
454 2535 529 2589 27)
571 2540 641 2576 est
667 2536 751 2577 BD
798 2533 817 2590 Η
868 2538 920 2577 15
958 2549 1123 2577 nomen
1154 2537 1226 2577 bis
1260 2537 1473 2577 continuo
1503 2537 1661 2590 Aquila
1688 2537 1713 2586 ξ
1742 2538 1799 2576 28

283 2592 335 2631 16
363 2592 494 2632 illum
516 2592 675 2646 Aquila
711 2589 733 2647 [I
772 2595 823 2634 17
856 2596 954 2633 erat
973 2593 1214 2634 Memmius
1245 2594 1345 2633 add.
1372 2593 1542 2633 Grotius
1570 2606 1628 2633 ex
1648 2593 1807 2644 Aquila

279 2648 566 2701 palinlongio
586 2649 630 2688 B
658 2645 946 2702 palinlogion
968 2650 1007 2689 D
1047 2646 1067 2703 Η
1107 2651 1158 2690 19
1190 2662 1273 2690 nos
1303 2662 1395 2689 non
1417 2649 1516 2689 dieo
1547 2650 1706 2701 aperte
1729 2647 1770 2686 E
1798 2659 1883 2687 nos

281 2707 440 2756 aperte
461 2705 545 2745 BD
589 2701 609 2758 Η
657 2707 711 2746 20
741 2718 824 2746 nos
853 2711 951 2745 ante
983 2705 1194 2746 consules
1224 2719 1301 2746 om.
1324 2705 1366 2745 B
1411 2701 1431 2758 [l
1480 2702 1817 2757 epanalempsis
1837 2702 1882 2742 B

282 2760 593 2811 epanalemsis
615 2762 654 2800 D
695 2758 718 2815 ss
759 2764 813 2802 23
844 2774 937 2801 una
966 2765 1097 2814 parte
1121 2761 1205 2801 BD
1226 2774 1319 2802 una
1337 2764 1469 2814 parte
1494 2759 1769 2812 interposita
1793 2758 1816 2798 b
1843 2755 1863 2811 Η

280 2816 679 2926 26treduggcaffio
709 2818 903 2858 Halmius
938 2816 1183 2869 replicatio
1215 2817 1297 2858 BR
1343 2814 1363 2871 ΙΙ
1412 2816 1586 2869 optima
1627 2818 1698 2855 est
1726 2815 1883 2866 scripsi

282 2881 337 2922 op
364 2885 452 2912 ime
1045 2893 1050 2895 Δ
