1982 3230
192 908 276 948 868

192 1750 277 1790 869

1513 108 1520 112 .
1556 74 1610 115 ἰἷῖι

1580 111 1605 143 ¹¹:

1610 143 1621 154 ῥ

306 127 411 178 322
790 126 1091 168 MARTIANI
1122 95 1443 169 'CAPELLAE

304 270 533 333 superius
557 268 804 324 intimam,
831 282 922 331 per
949 282 1070 332 quas
1097 268 1304 318 diuersis
1328 269 1487 319 modis
1513 268 1674 319 sidera
1699 270 1914 335 spatian-

305 347 402 388 tur.
467 353 580 386 nam
609 336 700 387 alia
727 352 817 402 per
842 344 943 387 tres
969 345 1158 403 parteS,
1188 338 1279 387 alia
1305 354 1395 403 per
1422 345 1676 402 quattuor,
1705 339 1794 389 alia
1821 355 1913 406 per

307 409 536 471 quinque,
566 407 655 456 alia
683 423 773 472 per
799 414 925 465 octe,
954 409 1192 473 quaedam
1218 424 1309 473 per
1337 425 1509 459 omnes
1536 410 1795 459 duodecim
1824 410 1909 459 de-

308 478 551 527 feruntur.
615 478 698 528 Sol
727 479 855 528 enim
883 480 933 528 in
967 478 1153 528 nullam
1190 479 1433 529 excedens
1459 487 1647 544 partem
1675 481 1725 529 in
1750 480 1914 530 medio
1972 481 1976 486 ’

307 548 605 598 libramento
633 550 792 598 fertur
830 549 1015 614 absque
1050 551 1157 613 ipso
1184 549 1362 600 Librae
1390 551 1620 599 confinio,
1695 565 1809 600 nam
1846 550 1913 600 ibi
1957 561 1982 594 ⁵

307 635 360 668 se
387 620 434 668 in
462 626 679 669 austrum
707 619 1049 684 aquilonemue
1076 619 1290 669 deflectit
1315 621 1376 670 ad
1400 621 1654 670 dimidium
1680 621 1785 670 fere
1807 635 1912 670 mo-

308 698 544 739 mentum.
596 691 733 739 Luna
762 696 925 740 autem
953 705 1042 754 per
1069 705 1240 740 omnes
1267 691 1523 740 duodecim
1553 706 1758 741 currens
1783 705 1916 742 nunc

307 762 356 808 in
385 760 664 824 aquilonem
702 761 1009 825 prouehitur,
1047 775 1178 809 nunc
1212 762 1263 808 in
1290 768 1511 811 austrum
1538 761 1806 811 deueniens
1841 762 1914 810 in·

309 832 519 886 fimatur,
548 832 796 895 utrimque
831 833 1092 880 momentis
1119 846 1404 889 excurrenS,
1433 833 1502 881 sic
1522 838 1577 881 ut
1600 831 1916 897 Hipparchus

311 916 505 965 quoque
549 903 807 950 consentit.
891 902 1102 966 denique
1150 901 1423 966 obliquitati
1468 903 1572 952 eius
1615 901 1915 951 uocabulum
1939 915 1982 946 10

310 973 628 1021 constitutum
645 1011 656 1030 ,
695 978 750 1021 ut
785 972 889 1021 fere
916 970 1201 1033 ἑλικοειδήε
1228 972 1431 1030 dicatur,
1469 974 1534 1021 ita
1560 978 1726 1022 tamen
1751 978 1805 1022 ut
1831 972 1915 1021 de—

309 1042 552 1091 scendens
579 1041 948 1106 ascendensque
983 1043 1137 1105 ipsam
1165 1040 1376 1091 solarem
1414 1043 1609 1098 lineam,
1638 1057 1784 1107 quam
1811 1058 1916 1092 me-

311 1113 438 1161 diam
468 1114 596 1162 inter
623 1127 766 1163 senas
802 1114 1061 1176 utriusque
1087 1112 1253 1161 lateris
1290 1119 1456 1177 partes
1493 1127 1600 1162 esse
1625 1113 1914 1168 monstraui,

310 1188 393 1232 aut
419 1185 575 1233 acutis
602 1190 685 1233 aut
710 1184 938 1248 spatiosis
965 1182 1156 1246 angulis
1183 1190 1339 1239 secet,
1368 1198 1460 1232 nec
1486 1184 1640 1247 possit
1666 1189 1830 1232 tamen
1856 1182 1916 1231 ad

309 1254 455 1310 idem,
485 1254 581 1303 hoc
609 1261 683 1303 est
708 1256 772 1302 ita
801 1259 854 1303 ut
879 1259 952 1302 est
978 1254 1150 1317 posita,
1181 1253 1354 1302 eodem
1383 1268 1551 1303 mense
1578 1253 1748 1302 eadem
1774 1259 1916 1317 parte
1938 1263 1982 1296 15

309 1325 379 1372 sic
401 1325 459 1373 ad
476 1324 642 1374 Solem
664 1325 850 1373 reuerti
876 1323 1046 1373 eadem
1074 1323 1342 1373 latitudinis
1362 1325 1605 1388 portione,
1632 1324 1726 1372 nisi
1746 1337 1917 1373 mense

310 1394 646 1444 ducentesimo
674 1395 922 1443 tricesimo
950 1395 1120 1458 quinto
1148 1393 1241 1442 hoc
1270 1401 1341 1442 est
1377 1409 1504 1443 anno
1530 1393 1916 1443 undeuicesimO.

310 1479 422 1513 nam
450 1472 504 1514 ut
529 1465 618 1514 sub
647 1465 816 1514 eadem
840 1464 917 1512 die
943 1463 1196 1528 isdemque
1223 1463 1673 1527 propinquitatibus
1699 1463 1914 1512 siderum

311 1536 631 1584 inerrantium
670 1535 729 1584 ad
769 1534 895 1583 idem
941 1534 1134 1589 redeat,
1186 1534 1371 1583 faciunt
1406 1534 1520 1583 anni
1565 1534 1916 1598 quinquaginta

311 1608 556 1671 quinque3
600 1612 655 1654 ut
688 1620 863 1653 uerum
903 1605 1045 1653 etiam
1092 1603 1398 1668 planetarum
1446 1604 1600 1654 isdem
1646 1603 1916 1652 rationibus
1939 1614 1982 1647 20

310 1675 400 1725 sub
431 1676 599 1725 eadem
633 1676 798 1740 specie
826 1673 1140 1738 (contingat,
1180 1676 1294 1723 anni
1323 1675 1488 1738 magni
1522 1673 1778 1737 prolixitas
1804 1688 1914 1738 spe-

314 1746 504 1795 ctanda.
572 1761 745 1795 uerum
783 1745 953 1794 eadem
980 1745 1115 1793 Luna
1144 1760 1254 1793 cum
1282 1759 1455 1793 secans
1491 1743 1702 1793 solarem
1736 1743 1916 1793 lineam

310 1818 358 1864 in
386 1815 670 1880 aquilonem
705 1816 916 1871 scandit,
956 1822 1164 1864 uocatur
1191 1813 1333 1877 ὕψος
1372 1813 1676 1878 ὑψουμένη,
1715 1829 1826 1863 cum
1853 1813 1914 1864 ab
1946 1823 1950 1827 '

310 1887 540 1951 aquilone
568 1887 626 1936 ad
655 1885 866 1935 solarem
893 1885 1072 1934 lineam
1099 1885 1226 1935 redit
1252 1885 1431 1934 dicitur
1458 1883 1600 1948 ὕψος
1637 1899 1915 1936 ταπεινου-

307 1956 454 2020 μένη,
484 1972 596 2006 cum
624 1972 650 2006 a
677 1956 824 2006 solari
858 1957 907 2004 in
933 1954 1192 2021 austrum>
1218 1955 1469 2005 descendit
1492 1951 1801 2018 ’ἑαπείνωμα
1825 1970 1914 2005 τα·
1937 1965 1982 1998 25

308 2026 656 2090 πεινουμένη,
697 2043 807 2076 cum
846 2026 1023 2075 deinde
1058 2025 1253 2075 rediens
1288 2026 1349 2075 ad
1377 2025 1539 2074 Solem
1576 2027 1792 2090 resurgit
1826 2040 1915 2076 τα-

424 2212 444 2249 1
486 2209 652 2260 sydera
690 2207 771 2247 BR
818 2204 836 2260 Η
894 2209 919 2247 2
959 2207 1053 2247 alia
1090 2221 1173 2259 per
1214 2208 1414 2260 quinque
1455 2221 1532 2248 om.
1563 2207 1606 2246 B
1651 2204 1672 2260 Η
1720 2209 1745 2247 3
1784 2206 1914 2248 diffe-

306 2269 463 2306 runtur
484 2263 585 2305 B¹R
623 2262 641 2318 Ι]
681 2265 706 2304 6
738 2267 820 2313 aut
840 2268 938 2303 ante
958 2264 1007 2302 in
1028 2264 1129 2305 add.
1153 2263 1194 2303 B
1229 2263 1247 2317 Η
1286 2265 1311 2303 9
1343 2264 1559 2315 ipparcus
1581 2261 1663 2303 BR
1701 2258 1720 2316 Ι]
1761 2264 1810 2302 11
1834 2263 1914 2303 be-

305 2322 534 2375 liquoides
555 2320 597 2359 B
627 2319 881 2361 helicoides
903 2319 966 2359 bR
1000 2316 1018 2372 Η
1055 2319 1325 2359 discendens
1345 2318 1445 2358 B¹R
1480 2315 1499 2372 Η
1520 2320 1591 2359 ,13
1622 2318 1789 2358 litteris
1811 2319 1848 2358 R
1952 2339 1963 2342 >

308 2382 358 2420 17
393 2377 641 2419 CCXXXV
671 2377 753 2417 BR
793 2373 811 2429 Η
858 2375 1036 2416 XVIIII
1066 2375 1146 2416 BR
1184 2372 1204 2429 Η
1243 2377 1295 2415 18
1326 2375 1488 2427 dieque
1518 2374 1700 2415 hisdem
1719 2373 1836 2414 B¹R¹

307 2433 670 2489 proprietatibus
692 2433 715 2473 b
755 2429 775 2486 [I
815 2434 867 2472 19
899 2432 1090 2473 redeant
1110 2429 1211 2472 B¹R
1249 2428 1269 2485 Η
1307 2432 1366 2471 ad
1384 2431 1466 2470 LV
1486 2431 1586 2471 add.
1610 2430 1789 2471 XXXII
1819 2443 1844 2470 r

306 2494 361 2532 20
406 2490 744 2531 radiationibus
783 2486 838 2528 R1
888 2485 906 2540 ΙΙ
955 2490 1007 2527 21
1049 2488 1318 2541 contingant
1347 2486 1404 2526 B¹
1455 2484 1475 2540 Η
1524 2483 1730 2528 ῩΠΕΟ(
1774 2487 1919 2527 deleta

303 2550 454 2600 priore
477 2544 508 2588 C
538 2546 581 2585 B
611 2558 689 2586 om.
714 2546 753 2584 D
792 2541 812 2598 Η
857 2541 1155 2585 ΥΠΟΜΕΝΗ
1179 2543 1221 2583 Β
1257 2540 1558 2585 ΥΨωΜΕΝΗ
1590 2543 1630 2582 D
1670 2539 1689 2596 [Ι
1727 2544 1782 2583 24
1811 2541 1914 2582 red-

306 2604 374 2644 dit
405 2605 444 2643 D
483 2600 502 2656 Π
540 2598 713 2644 ΥΨω(
742 2601 783 2640 D
811 2597 1040 2640 YTrOcB
1079 2597 1098 2654 Η
1135 2596 1527 2642 ΤΔΠΙΝΟΜΕΝΗ
1552 2600 1637 2640 BD
1675 2595 1695 2652 ΙΙ
1733 2599 1786 2639 25
1813 2603 1919 2649 post

307 2658 545 2701 descendit
574 2660 674 2699 add.
700 2657 867 2697 dicitur
887 2670 912 2695 r
949 2653 968 2709 ΙΙ
1007 2653 1284 2706 ταπείνωμα
1304 2657 1535 2697 Salmasius
1562 2667 1707 2696 eoeerc.
1729 2655 1842 2696 Ptin.
1861 2667 1910 2706 p.

306 2719 395 2756 530
418 2717 484 2756 ed.
510 2717 619 2756 1689
650 2710 967 2755 ΤΑΠΙΝΟΜΛ
998 2712 1040 2751 Β
1078 2710 1340 2754 ΤΑΠΙΝΟΕ
1372 2712 1395 2751 b
1434 2709 1735 2752 ΤΔΡΙΝΟΘΑ
1765 2710 1803 2750 R
1831 2720 1918 2749 τα·

308 2770 470 2812 πεινό(
509 2774 577 2811 uel
614 2770 851 2811 ταπεινῶς
893 2768 1063 2809 Grotius
1117 2766 1137 2823 Η
1193 2765 1618 2809 ΤΔΠΝΟΥΜΗΝΗ
1657 2765 1700 2804 Β
1749 2762 1913 2806 ΤΛΠΙ-

307 2825 569 2868 ΝΟΜΗΝΗ
612 2827 634 2867 Ι)
686 2821 1018 2875 ΥΨΟΥΦΕΝΗ
1053 2825 1091 2865 Η
1153 2822 1171 2878 Η
1234 2826 1288 2880 26
1325 2830 1431 2877 post
1466 2823 1662 2875 resurgit
1701 2823 1802 2864 add.
1846 2820 1914 2860 di-

305 2883 425 2922 citur
453 2896 477 2922 r
517 2880 535 2936 Η
1043 2883 1048 2886 ’
1071 2918 1074 2919 ⁷
1958 2884 1963 2887 ’
