1982 3230
354 127 422 180 14
829 126 1127 168 MARTIANI
1158 126 1476 170 OAPELLAE

563 276 611 319 te
636 276 684 318 te
709 269 858 330 igitur
883 266 966 316 illo
994 282 1091 332 quo
1118 267 1359 333 benignus
1383 272 1584 322 numine
1611 287 1663 323 es

563 339 829 405 (deposco,
860 336 982 387 caeli
1007 336 1184 388 blanda
1214 343 1500 404 temperatio

564 411 799 473 piumque
826 407 1035 466 culmen,
1063 410 1171 458 iure
1197 411 1278 474 qui
1308 410 1474 460 diuum
1502 419 1658 476 pater,

564 479 781 529 concede
807 478 947 542 proli,
978 493 1075 542 quo
1101 487 1334 544 nepotum
1363 483 1604 544 prouehat

561 565 840 612 numerum,
869 551 1097 614 supernis
1124 556 1252 599 astra
1280 566 1426 615 quem
1454 552 1651 603 uibrant
1675 554 1822 620 polis,

560 622 715 670 Maiae
740 618 978 685 tuumque
1005 620 1187 683 flagitat
1212 623 1388 686 pignus
1415 638 1628 682 sacrum,

560 691 784 740 thalamis
808 691 1004 754 iugetur
1030 692 1232 755 uirginis
1260 691 1586 743 doctissimae.

265 768 318 806 33
561 762 647 811 sed
673 768 720 811 te
745 762 961 827 parentis
989 776 1103 810 cura
1131 762 1170 811 si
1195 764 1388 826 stringit
1414 766 1507 827 pia,

559 847 649 896 par
676 839 749 882 est
774 832 979 881 deorum
1008 847 1251 882 conuoces
1278 842 1472 883 coetum
1500 842 1675 899 potens

561 903 827 952 conubium
854 903 955 966 ipsa
983 903 1207 952 sanciens
1233 919 1344 952 cum
1373 906 1579 969 coniuge
1974 923 1982 951 1

561 990 658 1039 quo
687 973 841 1038 prolis
867 978 1034 1022 extent
1059 972 1167 1037 lege
1193 989 1368 1034 supera
1396 979 1594 1039 nuptiae

209 1052 264 1089 13
285 1050 319 1089 G
561 1059 838 1109 perpesque
867 1043 1082 1092 uinclum
1110 1043 1334 1094 caelitum
1363 1047 1522 1108 signet
1548 1047 1712 1096 decor.

263 1150 317 1189 34
490 1144 579 1193 Hic
605 1152 864 1207 postquam
893 1141 1056 1191 Delius
1084 1144 1388 1207 conquieuit,
1430 1159 1701 1195 conuersus
1735 1146 1795 1195 ad
1833 1161 1949 1198 con·

346 1216 511 1277 iugem
536 1215 753 1278 Iuppiter
782 1212 898 1276 quid
926 1214 1029 1261 eius
1049 1212 1274 1262 uoluntas
1295 1213 1499 1263 haberet
1518 1216 1737 1280 inquirit.
1776 1232 1949 1268 uerum

347 1283 428 1334 illa
466 1284 616 1333 multa
654 1284 844 1332 ratione
879 1282 1143 1346 permulsa,
1181 1284 1341 1347 primo
1363 1285 1493 1350 quod
1522 1287 1566 1335 ei
1596 1288 1679 1351 qui
1701 1286 1982 1351 placidina-1

346 1361 445 1404 tem
491 1355 667 1404 afferre
708 1353 878 1402 solitus
920 1352 1150 1402 Phoebus
1195 1353 1367 1403 orabat
1413 1356 1593 1419 quique
1637 1358 1852 1406 etiam-a
1896 1373 1950 1408 se

349 1425 568 1476 eiusdem
604 1424 726 1474 filias
763 1423 978 1474 eruditas
1015 1423 1075 1472 ad
1111 1430 1372 1488 parentum
1409 1441 1605 1491 quoque
1631 1433 1959 1492 conspectum.

348 1497 532 1546 fecerat
566 1493 843 1550 subuolare‚
883 1494 1059 1543 dehinc
1093 1495 1277 1558 nuptiis
1310 1495 1431 1544 Iuno
1474 1511 1573 1544 non
1609 1497 1751 1546 solita
1794 1499 1949 1548 refra-

349 1565 507 1633 gari>
534 1572 651 1615 tunc
678 1566 821 1615 etiam
849 1563 1117 1629 Cyllenium
1154 1564 1385 1628 diligebat
1418 1567 1548 1630 quod
1585 1568 1687 1616 eius
1713 1567 1948 1619 uberibus

349 1637 583 1687 educatus
616 1635 846 1700 poculum
891 1633 1267 1684 immortalitatis
1311 1635 1602 1686 exhauserat
1645 1639 1982 1704 perindeques

349 1714 396 1757 et
450 1708 620 1756 matris
678 1707 884 1770 gratiam
931 1705 1241 1762 conferebat,
1297 1707 1610 1757 accrescebat
1651 1710 1780 1758 uotis
1815 1709 1947 1773 quod

348 1777 499 1827 multa
537 1793 644 1827 eam
692 1776 879 1826 Clarius
925 1776 1263 1825 conciliatione
1309 1777 1620 1827 deuinxerat:
1670 1779 1946 1829 faciendum

348 1849 570 1912 profecto
597 1846 1069 1910 accelerandumque
1096 1847 1383 1910 persuadet,
1411 1863 1473 1898 ne
1508 1849 1676 1898 itidem
1704 1849 1946 1914 Cyllenius

350 1918 571 1983 Cypridis
596 1919 800 1967 lactatus
819 1916 1081 1966 inlecebris
1093 1917 1505 1982 Hermaphrodito
1520 1919 1723 1969 fratrem
1745 1921 1947 1984 gignere

264 1996 317 2035 35
349 2004 615 2039 succensus
643 1994 847 2052 optaret.
899 1986 1179 2036 stimulabat
1202 1987 1454 2052 paululum
1480 1989 1661 2046 Iouem,
1690 2005 1751 2039 ne
1780 1992 1982 2040 uxoriam

348 2058 593 2124 Cyllenius
619 2057 799 2107 fotibus
835 2058 1112 2121 repigratus
1145 2057 1448 2108 somnolento
1484 2066 1688 2124 repente
1722 2075 1947 2111 marcore

346 2135 569 2194 torperet
612 2134 660 2177 et
694 2130 788 2178 iam
826 2127 960 2177 uelut
996 2127 1203 2176 maritali
1241 2129 1495 2178 uacatione
1531 2130 1732 2179 feriatus
1758 2130 1944 2180 discur-

264 2209 318 2248 36
348 2215 459 2250 sare
484 2199 575 2248 sub
602 2198 874 2263 praeceptis
894 2195 1154 2246 Iouialibus
1181 2198 1461 2262 denegaret.
1515 2203 1657 2249 ‘nam
1683 2199 1820 2250 illum
1846 2203 1943 2250 iam

347 2270 567 2336 pridem'
606 2270 672 2318 ait
707 2267 1036 2329 <Philologiae
1069 2269 1227 2317 sentio
1278 2284 1447 2319 amore
1490 2272 1695 2326 torreri,
1744 2271 1943 2336 eiusque

348 2340 506 2391 studio
534 2344 840 2404 comparatas
864 2337 1048 2388 habere
1074 2353 1218 2402 quam
1244 2338 1410 2402 plures
1445 2341 1495 2388 in
1530 2339 1768 2390 famulitio
1796 2340 1939 2390 disci·
1963 2355 1982 2388 a

347 2411 506 2476 plinas
540 2413 802 2475 ipsumque
835 2408 1029 2472 linguae
1065 2410 1264 2473 insignis
1302 2410 1554 2460 ornatibus
1589 2411 1721 2460 fandi
1746 2411 1943 2460 nimiam

346 2487 655 2533 uenustatem
682 2496 779 2545 quo
806 2478 1023 2543 placeret
1047 2479 1228 2541 uirgini
1254 2481 1794 2547 consecutum,7deinde
1829 2481 1941 2530 bar-

346 2552 448 2602 bito
485 2559 753 2615 aurataque
788 2549 926 2614 chely
962 2565 1019 2598 ac
1055 2548 1211 2598 doctis
1256 2550 1432 2599 fidibus
1469 2566 1751 2615 personare.
1815 2551 1941 2601 addo

463 2695 484 2732 l
529 2695 575 2732 te
606 2695 652 2731 te
687 2691 856 2732 Grotius
884 2693 990 2730 tene
1011 2688 1094 2730 BR
1130 2686 1148 2743 Η
1189 2703 1272 2742 quo
1293 2691 1344 2731 br
1375 2691 1492 2743 quod
1522 2692 1597 2731 BR
1642 2688 1662 2744 ΙΙ
1709 2692 1737 2732 8
1766 2693 1814 2732 te
1844 2696 1942 2732 ante

348 2749 534 2801 stringit
553 2753 742 2788 omissum
758 2753 857 2800 post
879 2746 959 2787 sed
981 2747 1080 2788 add.
1104 2746 1161 2786 bd
1206 2743 1224 2799 Η
1265 2748 1317 2787 15
1357 2760 1454 2787 eam
1485 2760 1542 2787 ex
1562 2748 1801 2787 Dresdensi
1817 2747 1942 2800 Kop-

343 2806 455 2856 pius,
476 2807 555 2845 sed
575 2805 619 2844 ei
639 2809 754 2844 recte
778 2803 924 2844 habet:
945 2802 1057 2843 Iuno
1078 2803 1184 2842 enim
1203 2805 1457 2856 intellegitur
1479 2815 1558 2843 aer
1596 2800 1615 2856 Η
1654 2803 1706 2842 19
1735 2805 1830 2843 tum
1851 2801 1875 2842 b
1902 2798 1923 2856 ss

347 2861 402 2900 24
442 2860 736 2901 ermafrodito
757 2859 839 2900 BR
886 2856 906 2913 {l
953 2861 1008 2900 25
1047 2860 1336 2902 succensusb
1376 2871 1616 2899 suscensos
1632 2858 1713 2898 BR
1754 2869 1936 2900 suscen-

347 2927 422 2957 sus
442 2930 467 2956 r
514 2913 536 2970 fl
580 2918 633 2957 32
664 2919 992 2968 consequutum
1021 2915 1059 2956 R
1105 2911 1129 2969 Η
1175 2917 1228 2957 33
1260 2914 1424 2967 chaely
1452 2914 1534 2955 BR
1566 2911 1585 2963 ΙΙ
