1982 3230
754 71 940 114 LIBER
970 71 1035 114 V1
1574 68 1682 122 203

67 213 304 277 temporis
328 211 586 263 interstitia
620 212 956 268 manifestant:
996 227 1107 263 nam
1136 226 1280 277 pares
1307 212 1544 262 horarum
1573 227 1678 261 me·

70 290 141 333 tas
166 288 266 332 tam
292 281 730 334 antemeridialium
754 298 898 347 quam
927 285 1072 333 etiam
1099 289 1479 349 postremarum,
1509 288 1558 333 et
1576 288 1674 332 tam

71 354 168 404 diei
194 369 338 418 quam
371 353 529 403 noctis
554 352 809 417 horologia
848 355 1177 403 manifestant.
1253 368 1351 418 quo
1378 353 1676 403 documento
1707 368 1789 409 601

69 423 257 474 clarum
284 428 357 474 est
379 423 667 473 tantundem
705 423 1070 488 undiquesecus
1096 423 1156 472 ab
1184 425 1331 473 terris
1367 422 1539 474 abesse
1567 439 1676 473 cae·

21 505 46 539 5
68 493 186 552 lum,
214 493 345 560 quod
371 495 486 543 item
514 493 707 544 duobus
727 493 926 543 circulis
953 493 1190 543 edocetur
1216 492 1457 543 solstitiali
1485 501 1532 543 et
1559 493 1676 543 bru-

65 564 196 614 mali.
271 578 384 613 nam
431 565 597 629 utique
643 570 879 630 quantum
923 565 1173 613 interstitii
1214 563 1317 613 dies
1351 563 1516 620 habet,
1565 579 1677 613 cum

68 634 187 684 caeli
225 633 440 683 culmina
475 634 548 683 sol
587 634 742 685 elatus
778 634 1031 691 inlustrat,
1077 639 1267 683 tantum
1305 634 1447 698 spatii
1483 632 1678 697 longior

65 718 184 761 nox,
214 718 362 767 quam
388 703 462 754 sol
495 705 546 754 in
580 704 807 754 brumam
835 704 1067 754 decidens
1090 702 1457 770 {repraesentat
1535 705 1676 753 item·

37 834 39 836 ,
65 788 160 840 que
182 775 413 838 quicquid
432 774 623 839 singula
650 776 787 838 signa
807 775 996 825 zodiaci
1022 774 1406 839 intercapedinis
1432 773 1531 824 luci
1559 789 1675 823 con-

3 858 44 891 ιο
64 843 269 894 tulerint
315 845 603 895 tantundem
650 845 791 911 <sole
835 862 862 894 e
906 847 1155 895 contrario
1205 844 1436 895 rutilante
1486 843 1676 894 umbris

64 915 223 964 noctis
248 915 533 980 ignoscunt,
562 916 692 980 quod
720 917 888 981 utique
914 916 1335 981 undiqueuersum
1363 914 1541 979 probat
1570 921 1673 964 [an-

65 985 266 1034 tundem
302 985 513 1040 circulos
547 987 805 1050 sideraque
832 987 1013 1035 distare
1050 986 1362 1049 mediamque
1400 999 1506 1034 esse
1532 984 1676 1034 tellu-

65 1070 188 1104 rem.
251 1056 383 1119 quod
411 1057 450 1104 si
478 1069 699 1119 congrue
725 1056 921 1106 uidetur
948 1062 1205 1113 assertum,
1235 1058 1330 1105 iam
1357 1061 1524 1120 partes
1552 1056 1671 1112 eiuS,

65 1139 185 1190 quas
209 1126 316 1189 ipsa
340 1140 602 1189 permensa
629 1141 754 1183 sum,
787 1126 1077 1191 perhibebO.
1707 1168 1790 1209 602

2 1209 42 1243 15
208 1194 354 1245 Orbis
387 1202 551 1246 terrae
586 1197 636 1245 in
673 1198 890 1261 quinque
940 1211 1089 1245 zonas
1135 1198 1240 1245 siue
1275 1194 1451 1245 melius
1487 1195 1676 1245 fasceas
1699 1223 1830 1264 1966

64 1267 175 1315 dico
211 1281 304 1331 pro
340 1278 518 1315 rerum
544 1266 827 1316 diuersitate
853 1266 1180 1322 discernitur,
1220 1276 1427 1331 quarum
1465 1272 1566 1315 tres
1602 1267 1676 1314 in-

64 1336 328 1400 temperies
366 1335 518 1386 multa
546 1338 907 1386 contrariorum
943 1336 1194 1386 nimietate
1231 1335 1486 1400 relegauit.
1562 1351 1675 1385 nam

64 1406 188 1455 duae
215 1421 341 1472 quae
377 1407 454 1455 axi
491 1408 687 1472 utrique
714 1407 966 1465 confines,
996 1406 1163 1471 algore
1198 1407 1420 1456 inmenso
1448 1412 1496 1456 et
1521 1406 1672 1470 frigo-

63 1475 200 1526 ribus
226 1484 519 1542 occupatae,
559 1477 852 1527 desertionis
888 1492 1059 1527 causas
1095 1478 1286 1541 pruinis
1323 1477 1676 1540 ninguentibus

2 1546 366 1611 sopraebuere,
404 1547 564 1598 media
601 1563 722 1598 uero
759 1548 970 1597 flammis
1007 1555 1153 1612 atque
1189 1547 1379 1598 anhelis
1414 1547 1675 1596 ardoribus

64 1616 300 1666 torridata
351 1619 744 1682 propinquantes
804 1619 1106 1668 animantum
1160 1618 1376 1667 amburit
1427 1632 1672 1673 accessus,

65 1686 186 1736 aliae
223 1694 385 1737 autem
415 1687 541 1737 duae
576 1688 739 1738 uitalis
766 1704 915 1738 aurae
950 1688 1103 1737 halitu
1140 1694 1444 1752 temperatae
1482 1687 1673 1736 habita-

65 1758 248 1806 tionem
275 1757 566 1807 animalibus
598 1758 924 1808 indulserunt.
1001 1774 1125 1822 quae
1164 1758 1363 1823 quidem
1398 1773 1489 1822 per
1524 1759 1674 1806 totius

65 1826 479 1893 rotun->ditatem
528 1827 718 1878 telluris
768 1830 1003 1878 incuruae
1052 1835 1153 1877 tam
1203 1843 1474 1892 supernum
1517 1828 1671 1878 hemi-

0 1910 42 1942 25
68 1897 352 1962 sphaerium
389 1912 536 1961 quam
568 1897 775 1947 inferius
820 1898 1113 1948 ambierunt.
1188 1913 1301 1947 nam
1338 1899 1505 1962 utique
1540 1906 1673 1947 terra
1706 1913 1790 1953 603

21 1972 23 1974 ’
67 1966 188 2016 duas
217 1966 311 2015 sibi
337 1974 505 2032 partes
531 1967 934 2033 hemicycliorum
963 1969 1173 2032 quadam
1200 1969 1486 2018 diuersitate
1514 1969 1675 2032 dispe-

67 2038 160 2087 scit
183 2036 232 2086 id
260 2046 333 2086 est
358 2052 506 2087 unam
531 2038 682 2088 habet
716 2044 1059 2103 supernatem,
1089 2053 1235 2102 quam
1270 2053 1362 2088 nos
1397 2037 1676 2088 habitamus

69 2113 117 2156 et
141 2107 294 2157 ambit
314 2108 555 2165 Oceanus,
585 2115 632 2158 et
657 2108 802 2158 aliam
828 2109 1144 2159 infernatem.
1185 2109 1272 2159 sed
1299 2110 1421 2158 haec
1447 2110 1676 2174 superior

181 2276 204 2315 1
246 2288 427 2315 oraium
456 2275 538 2316 BR
593 2272 613 2330 {l
668 2277 694 2315 2
740 2291 794 2317 αη
832 2277 1249 2329 pomeridianarum
1285 2278 1582 2318 scribendum?

67 2333 94 2372 3
125 2330 332 2384 orologia
352 2331 435 2372 BR
473 2328 493 2385 Η
541 2333 567 2372 8
598 2344 732 2384 quam
762 2335 921 2386 scripsi
951 2346 1053 2374 eum
1073 2333 1155 2374 BR
1194 2330 1214 2387 {l
1252 2334 1313 2373 im
1343 2331 1444 2374 B¹R
1481 2329 1502 2386 {l
1541 2335 1566 2373 9
1600 2346 1676 2373 zo-

68 2386 193 2426 diaci
222 2386 245 2426 b
278 2387 456 2427 zoziazi
475 2385 602 2441 ΒΙῗΙ
662 2388 843 2430 interca
879 2388 1024 2430 edinis
1055 2389 1079 2429 b
1111 2389 1486 2442 intercapedines
1518 2388 1599 2430 BR
1638 2386 1657 2442 ΙΙ

67 2441 163 2482 luci
182 2442 205 2482 b
237 2442 329 2483 loci
350 2442 432 2483 BR
464 2438 484 2495 Η
525 2385 632 2484 1018
653 2457 730 2485 om.
756 2445 797 2485 B
837 2403 1129 2499 {fcontraria
1150 2444 1208 2485 B¹
1249 2442 1268 2499 Η
1309 2446 1361 2485 14
1391 2444 1676 2498 perabeboB

66 2498 286 2552 peribebo
315 2499 339 2538 b
370 2498 561 2551 peribeo
582 2500 623 2538 D
667 2497 688 2553 ss
736 2502 789 2541 15
818 2442 992 2542 flasoias
1023 2502 1064 2541 D
1092 2503 1172 2542 sed
1190 2502 1248 2553 ef
1269 2503 1418 2554 script.
1444 2502 1540 2543 hist.
1562 2501 1673 2554 Any.

68 2554 293 2607 Ip.246,
318 2557 371 2595 12
400 2555 470 2598 ed.
492 2554 643 2596 Berol.
702 2552 722 2608 ΙΙ
777 2558 830 2598 16
861 2558 920 2597 ad
956 2557 1226 2598 diuersitate
1256 2559 1360 2599 add.
1391 2556 1440 2597 al
1470 2558 1674 2597 necessi·

70 2614 166 2650 tate
198 2610 222 2650 b
269 2607 289 2663 Η
340 2612 390 2651 17
424 2623 451 2651 a
476 2616 577 2663 post
606 2611 753 2651 multa.
780 2613 880 2655 add.
898 2626 930 2665 p
970 2611 989 2666 ΙΙ
1028 2613 1251 2666 religauit
1277 2611 1336 2652 B¹
1368 2614 1538 2666 ligauit
1558 2614 1614 2653 D·
1636 2610 1658 2667 ΙΙ

71 2667 124 2706 19
154 2665 500 2708 dissertionisD
540 2664 558 2721 ΙΙ
596 2667 892 2720 ningentibus
913 2669 953 2708 D
991 2665 1011 2721 l]
1049 2670 1104 2709 20
1135 2668 1284 2710 anelis
1306 2669 1391 2708 BD
1424 2666 1443 2722 Η
1482 2671 1536 2709 22
1559 2669 1677 2710 alitu

72 2719 232 2818 Βῑῦὲ
279 2723 516 2775 teporibus
547 2724 752 2764 Heinsius
779 2726 821 2765 in
840 2724 986 2765 Burm.
1012 2723 1159 2765 Ouidio
1189 2725 1250 2764 II
1261 2739 1310 2777 p
1334 2727 1424 2765 234
1461 2726 1676 2779 tempori-

72 2776 157 2818 bus
229 2779 268 2819 R
314 2776 334 2832 ΙΙ
383 2780 438 2820 24
477 2779 803 2832 emispherium
832 2780 913 2821 BR
968 2776 987 2834 11
1045 2781 1100 2820 26
1138 2780 1480 2834 emieycliorum
1510 2781 1592 2824 BR
1637 2778 1662 2836 Π

72 2831 294 2887 dispescit
318 2835 489 2876 Grotius
519 2835 716 2889 despicit
736 2837 818 2878 BR
850 2836 1057 2890 (dispicit
1080 2835 1157 2888 8¹)
1207 2834 1225 2890 ΙΙ
