1982 3230
312 136 540 178 xxxnn
597 133 943 176 PRAEFATIO
974 133 1041 175 IN
1068 132 1435 175 MARTIANVM
1468 131 1800 174 CAPELLAM

312 268 366 315 in
404 268 527 313 ae're
551 264 794 312 Iunonem
838 262 1038 311 ethaeo
1077 261 1175 310 duo
1212 262 1455 309 elementa
1491 261 1766 310 coniuncta
1789 265 1921 322 sunt,

313 351 527 398 alterum
551 345 785 409 superius
823 347 1039 395 alterum
1076 344 1309 404 inferius.
1359 343 1467 407 quis
1491 343 1641 407 igitur
1666 357 1765 392 non
1790 343 1927 395 uidet
1972 357 1982 362 ⁸

310 431 432 481 illud
476 433 710 492 inquiunt
747 444 1042 494 quamquain
1081 429 1354 493 generatim
1398 427 1458 477 de
1493 427 1696 492 paganis
1740 427 1925 478 dictum

310 518 359 566 in
387 515 621 564 Varronis
659 513 808 563 solius
843 514 1135 563 auctoritate
1169 513 1518 577 adquiescere?
1555 526 1717 577 neque
1753 511 1924 563 dubito

311 601 429 665 quin
456 599 551 648 hoc
588 599 733 648 etiam
761 597 893 661 quod
921 597 1226 662 paullo-post
1250 595 1430 660 legitur
1467 612 1526 646 ex
1552 597 1773 646 Varrone
1797 597 1923 662 peti-

312 690 415 733 tum
469 685 528 733 sit
590 687 705 732 <aut
742 683 781 731 si
823 684 1039 732 aetheris
1072 687 1263 746 partem
1311 682 1620 746 superiorem
1652 681 1922 731 Mineruam

311 775 481 818 tenere
508 767 701 816 dicunt.
721 806 730 815 .
748 806 758 816 .
776 771 788 791 ²

454 853 684 916 Sequitur
721 857 775 900 ut
811 851 969 900 dicam
1009 850 1069 899 de
1106 865 1164 899 eo
1198 849 1308 898 loco
1342 849 1428 899 ubi
1466 848 1527 915 (p.
1559 848 1639 906 17,
1667 848 1702 899 2
1727 850 1818 916 sq.)
1859 849 1920 900 de

310 935 598 1000 regionibus
634 935 755 985 caeli
791 942 838 985 et
873 936 932 984 de
959 935 1062 984 deis
1088 935 1137 982 in
1175 936 1245 984 eis
1271 934 1606 984 habitantibus
1642 935 1920 998 exponitur.

311 1036 459 1085 quam
495 1022 780 1071 uniuersam
809 1019 1117 1084 disciplinam
1143 1021 1468 1069 Etruscorum
1505 1033 1638 1075 esse,
1691 1018 1813 1068 nihil
1850 1025 1924 1069 est

310 1106 439 1169 quod
467 1111 577 1170 post
590 1102 639 1154 O.
654 1103 944 1154 Muellerum
969 1101 1315 1168 (v01.11p.129
1331 1104 1428 1169 sq.)
1447 1103 1798 1153 demonstrem.
1825 1103 1922 1152 hoc

310 1191 439 1239 enim
486 1204 586 1238 non
623 1188 782 1238 solum
825 1195 1031 1253 apparet
1078 1204 1135 1237 ex
1168 1188 1323 1238 Plinio
1363 1188 1596 1238 Etruscos
1642 1186 1831 1237 caelum
1871 1188 1941 1239 in.

310 1274 523 1323 sedecim
560 1274 788 1336 regiones
835 1273 1058 1323 diuisisse
1101 1278 1336 1323 narrante
1382 1273 1467 1338 (cf.
1507 1287 1631 1337 quos
1662 1276 1922 1336 praeterea

307 1358 472 1408 laudat
506 1358 729 1422 Koppius
773 1371 819 1420 p.
859 1354 924 1406 91
963 1357 1023 1405 ad
1059 1357 1158 1422 fin.)
1204 1358 1289 1406 sed
1335 1357 1603 1406 Martianus
1649 1358 1754 1420 ipse
1798 1370 1921 1421 quos

307 1445 524 1493 bissenos
558 1445 777 1503 colleqas
810 1441 942 1490 Iouis
977 1440 1313 1505 appellauerat
1350 1441 1468 1491 deos
1507 1439 1569 1505 (p.
1611 1439 1699 1498 17,
1737 1439 1786 1506 8)
1835 1455 1920 1491 eos

308 1527 402 1576 alio
429 1526 536 1576 loco
567 1527 629 1590 (p.
658 1523 776 1583 342,
810 1523 889 1590 18)
918 1525 1244 1575 Etruscorum
1272 1540 1380 1575 esse
1407 1526 1522 1574 dicit

519 1610 612 1659 ebis
639 1625 756 1659 sena
784 1611 1009 1672 quamuis
1034 1625 1126 1659 uos
1152 1610 1346 1659 Etrusci
1371 1610 1572 1659 numina

520 1696 645 1744 ritus
671 1696 988 1758 frequentent
1014 1700 1159 1759 atque
1185 1696 1407 1759 opiment
1431 1694 1679 1743 uictimis!

308 1778 369 1828 cf.
397 1778 663 1829 Muellerus
688 1778 732 1827 ll
758 1793 802 1842 p.
831 1776 914 1828 81.
966 1779 1130 1844 itaque
1157 1778 1445 1828 Krahnerus
1482 1779 1542 1827 de
1580 1778 1677 1828 hoc
1711 1778 1822 1828 loco
1849 1779 1919 1829 sic

304 1864 488 1913 iudicat
535 1862 611 1929 (de
637 1863 873 1911 Varronis
897 1862 1207 1927 philosophia
1241 1879 1289 1928 p.
1318 1860 1403 1927 24)
1457 1865 1577 1912 ‘nec
1625 1862 1917 1927 repugnabo

306 1950 458 2012 siquis
494 1947 758 1996 admodum
796 1946 1041 2011 probabili
1078 1948 1366 1996 coniectura
1394 1962 1518 2011 quae
1545 1947 1822 1999 Marcianus
1858 1963 1918 1998 ex

304 2032 628 2081 Etruscorum
650 2030 907 2094 disciplina
934 2030 1157 2093 augurali
1178 2032 1327 2080 tradit
1352 2029 1459 2081 145
1480 2047 1585 2096 sqq.
1615 2031 1738 2082 lecta
1766 2031 1916 2083 fuisse

307 2115 568 2166 contendat
611 2116 660 2163 in
700 2114 930 2163 Varronis
975 2116 1219 2178 antiquitt.
1258 2131 1356 2164 rer.
1396 2115 1494 2164 diu.
1533 2115 1618 2164 lib.
1655 2116 1768 2165 1112
1828 2116 1916 2167 sed

305 2215 430 2265 quae
478 2215 537 2248 ex
570 2199 805 2248 Varronis
840 2198 967 2247 libro
1011 2198 1095 2248 illo
1131 2199 1195 2247 ΙΙΙ
1230 2206 1426 2249 seruata
1473 2206 1585 2248 sunt
1635 2199 1916 2264 (Merkelius

303 2300 352 2349 p.
383 2284 502 2335 CXV
528 2282 617 2348 sq.)
646 2284 696 2332 in
723 2277 942 2332 eis'nihil
967 2284 1215 2340 inuenieS,
1256 2298 1352 2347 quo
1379 2283 1639 2333 adducaris
1663 2290 1717 2333 ut
1735 2283 1914 2334 Varro-

303 2383 417 2417 nem
453 2367 756 2418 reconditam
795 2367 921 2418 hanc
958 2374 1005 2417 et
1039 2367 1313 2418 abstrusam
1342 2367 1663 2417 Etruscorum
1701 2368 1914 2434 discipli-

303 2468 419 2502 nam
469 2467 718 2515 exponere
762 2467 910 2517 quam
960 2453 1086 2501 intra
1132 2451 1302 2516 populi
1325 2452 1548 2518 Romani
1597 2453 1815 2502 instituta
1865 2457 1914 2503 et

303 2537 558 2601 opiniones
585 2536 644 2586 de
668 2536 816 2586 rebus
842 2538 995 2587 sacris
1031 2542 1077 2586 et
1103 2537 1163 2586 de
1189 2537 1293 2586 deis
1318 2552 1371 2586 se
1398 2538 1649 2587 continere
1683 2537 1914 2588 maluisse

304 2636 519 2671 censeas,
574 2620 751 2670 deinde
778 2636 1074 2685 quamquam
1103 2621 1372 2673 Varronem
1399 2621 1600 2671 minime
1625 2623 1911 2685 negauerim
1938 2616 1943 2620 ⁵

302 2705 621 2756 Etruscorum
649 2705 938 2770 religionem
963 2706 1205 2770 tetigisse,
1244 2721 1484 2771 nusquam
1513 2711 1748 2771 quantum
1775 2721 1909 2755 com·
1967 2732 1969 2734 ·

302 2790 410 2852 peri
437 2789 619 2838 dictum
657 2795 730 2839 est
758 2806 870 2840 eum
899 2790 1007 2840 data
1035 2805 1184 2854 opera
1223 2791 1283 2840 de
1308 2791 1515 2840 Etrusca
1543 2789 1800 2855 disciplina
1827 2805 1912 2840 ex-

301 2873 539 2935 posuisse.
582 2874 697 2936 quid
719 2874 851 2940 quod
878 2890 939 2925 ne
960 2874 1144 2925 Plinius
1165 2875 1360 2939 quidem
1386 2877 1436 2924 in
1462 2875 1625 2925 indice
1651 2880 1910 2924 auctorum
