1982 3230
807 83 994 128 LIBER
1026 83 1136 126 vm
1671 78 1778 134 325

172 226 444 291 quadrante
482 226 578 276 diei
622 227 902 291 noctisque,
946 225 992 275 id
1031 231 1193 275 autem
1231 224 1363 289 quod
1399 224 1460 274 ad
1499 222 1775 273 brumalem

171 297 465 361 deprimitur
491 301 688 346 centum
715 298 962 359 octoginta
990 294 1163 346 diebus
1188 296 1457 360 peragitur.
1524 293 1657 360 quod
1683 295 1774 343 uti-

171 382 267 433 que
301 365 380 416 illa
416 381 497 416 res
523 365 662 424 facit,
691 366 822 432 quod
860 372 1125 416 eccentron
1163 365 1282 418 solis
1318 364 1504 415 circulo
1541 364 1643 414 dixi
1669 378 1776 413 esse

174 437 400 488 tellurem
430 443 478 486 et
503 437 551 485 in
588 437 846 501 superiore
871 436 1271 502 hemisphaerio>
1299 435 1443 485 altius
1467 434 1597 490 tolli,
1625 435 1676 483 in
1701 435 1776 482 in-

130 519 150 552 5
174 507 355 558 feriore
382 506 442 557 ad
469 513 632 557 terrae
659 507 868 556 confinia
895 508 1309 571 appropinquare.
1385 505 1586 555 dubium
1616 510 1779 555 autem

171 592 271 628 non
308 583 381 627 est
418 578 560 626 citius
597 584 942 627 transcurrere
979 576 1260 626 breuiorem
1297 576 1457 625 sinum
1493 575 1781 640 tardiusque

173 648 419 697 diffusum.
492 662 668 697 uerum
698 647 804 704 Sol,
845 662 958 697 cum
985 646 1043 695 ad
1073 646 1319 697 Cancrum
1350 645 1410 695 ab
1438 643 1782 710 aequinoctiali
1812 655 1896 697 874

171 725 312 782 parte
333 718 640 774 conscendit,
669 724 901 767 aestatem
928 722 1145 780 praestat
1170 716 1480 772 bominibus,
1509 730 1632 779 quos
1657 716 1783 764 inter

173 787 480 837 solstitialem
510 787 1043 852 septentrionalemque
1069 789 1239 836 uiuere
1272 786 1475 836 dubium
1502 800 1602 834 non
1630 784 1781 834 habe-

114 870 154 903 ιο
176 866 280 914 tur;
310 873 422 907 cum
451 857 511 907 ab
540 859 711 908 eodem
741 858 929 907 Cancro
955 859 1005 906 in
1034 859 1443 922 aequinoctialem
1468 855 1668 905 Libram
1696 855 1781 904 de-

174 928 436 985 scenderit,
458 935 774 978 auctumnum
797 929 934 983 sacit;
959 944 1070 977 cum
1092 943 1212 978 uero
1229 928 1286 977 ad
1310 926 1584 977 brumalem
1604 925 1783 975 lineam

175 999 387 1056 recedit,
431 999 588 1048 hiems
624 998 834 1048 habetur
890 1004 1155 1063 propterea
1201 998 1331 1062 quod
1382 997 1546 1047 calore
1597 996 1782 1045 dimoto

175 1077 348 1133 torpor
392 1069 597 1118 inuadit.
681 1085 878 1119 rursum
925 1085 1036 1118 cum
1082 1084 1108 1117 a
1147 1068 1455 1133 Capricorno
1502 1065 1698 1116 hiemali
1734 1067 1783 1114 in

177 1139 580 1204 aequinoctialem
618 1141 833 1190 Arietem
868 1141 1050 1202 surgit,
1090 1154 1297 1189 uernum
1343 1145 1538 1202 tempus
1574 1136 1783 1186 adridet.

21 1227 25 1230 ·
112 1221 154 1254 15
180 1210 355 1260 exhinc
381 1209 543 1259 denuo
579 1212 628 1258 in
658 1210 847 1259 Cancro
874 1219 1034 1259 aestas
1068 1209 1254 1258 torrida
1281 1215 1567 1258 renouatur.
1644 1207 1730 1256 sed
1758 1223 1785 1257 e

178 1281 429 1330 contrario
467 1279 692 1344 perferre
729 1282 892 1329 omnia
928 1295 1028 1328 non
1056 1279 1306 1329 dubitatur
1344 1278 1625 1342 antipodas;
1662 1292 1783 1340 quo-

176 1365 287 1399 rum
326 1357 558 1399 aestatem
587 1350 916 1414 Capricornus
944 1349 1081 1406 facit,
1120 1351 1336 1399 hiemem
1363 1349 1576 1404 Cancer,
1606 1347 1689 1397 Sol
1714 1353 1785 1395 te-

177 1435 300 1470 nens
327 1421 635 1484 aequinoctia
662 1422 862 1485 utrique
887 1422 1015 1485 parti
1040 1421 1350 1484 temperiem.

317 1490 419 1539 lam
444 1489 563 1540 illud
590 1491 896 1556 superfluum
918 1497 1036 1554 puto
1056 1493 1275 1540 noctium
1295 1504 1523 1540 accessus
1543 1488 1786 1538 desectus·
1817 1493 1901 1535 875

112 1572 156 1604 20
180 1576 275 1625 que
309 1576 612 1617 memorare,
651 1576 762 1610 cum
799 1575 944 1624 pares
970 1576 1060 1625 pro
1096 1567 1200 1611 rata
1240 1563 1339 1611 sint
1376 1560 1575 1609 aestiuis
1613 1558 1787 1609 diebus

178 1631 353 1680 hiemis
379 1637 566 1687 noctes,
596 1636 643 1680 et
668 1631 961 1681 hiemalibus
987 1631 1160 1681 diebus
1187 1638 1359 1680 noctes
1386 1631 1628 1686 aestiuae,
1666 1644 1786 1679 una·
1810 1632 1941 1678 2966

180 1717 276 1766 que
304 1699 677 1766 aequinoctialis
702 1716 826 1757 nox,
867 1717 991 1766 quae
1026 1701 1103 1750 bis
1141 1716 1270 1752 anno
1309 1701 1570 1764 contingit,
1610 1715 1701 1765 par
1728 1700 1790 1749 sit

180 1772 275 1821 diei
302 1787 406 1820 suo.
469 1785 582 1820 nam
609 1786 720 1820 cum
747 1771 807 1820 ab
836 1773 1147 1835 aequinoctio
1173 1787 1331 1821 uerno
1355 1772 1406 1819 in
1435 1770 1677 1820 Cancrum
1705 1769 1790 1819 Sol

179 1850 324 1897 meat,
354 1856 526 1891 omnes
554 1842 656 1890 dies
682 1843 895 1891 maiores
922 1849 1036 1892 sunt
1060 1842 1292 1892 noctibus
1312 1843 1429 1891 suiS.
1466 1843 1585 1891 item
1613 1839 1673 1890 ab
1701 1856 1787 1890 au-

36 1972 39 1976 ,
115 1923 158 1955 2⁵
183 1911 386 1962 tunmali
413 1913 720 1975 aequinoctio
748 1928 902 1977 usque
930 1912 989 1963 ad
1012 1912 1239 1963 brumam
1267 1913 1485 1961 minores
1505 1912 1609 1961 dies
1635 1911 1790 1960 nocti-

181 1982 274 2031 bus
302 1982 524 2032 dilatatis,

322 2052 550 2102 Minimus
594 2061 755 2102 autem
792 2054 908 2102 anni
953 2053 1057 2102 dies
1103 2052 1342 2102 brumalis
1379 2059 1474 2110 est,
1522 2054 1607 2117 qui
1643 2051 1791 2101 habet
1821 2057 1908 2099 876

182 2123 329 2172 horas
355 2138 561 2178 nouem;
600 2124 842 2173 maximus
869 2122 1135 2173 solstitialis
1166 2123 1317 2174 habet
1342 2123 1491 2172 boras
1517 2122 1650 2172 XIIII
1676 2122 1792 2171 licet

180 2192 276 2242 hoc
302 2208 394 2258 pro
422 2191 671 2243 climatum
698 2193 972 2244 rationibus
996 2195 1232 2244 uarietur.
1310 2209 1421 2243 nam
1460 2193 1653 2243 climata
1680 2199 1791 2242 octo

117 2273 160 2306 80
184 2270 312 2321 sunt,
341 2263 425 2313 sed
453 2266 733 2326 proximum
771 2263 1012 2314 solstitiali
1039 2264 1347 2321 DiameroeS,
1375 2264 1552 2313 deinde
1580 2262 1792 2313 alterum

182 2333 463 2398 DiasyeneS,
491 2336 690 2384 tertium
718 2334 1108 2391 DialexandriaS,
1136 2335 1267 2399 quod
1297 2334 1490 2383 ducitur
1527 2348 1616 2397 per
1644 2332 1792 2398 Cyre-

300 2502 320 2540 1
357 2500 615 2553 quadrante
647 2502 714 2542 bD
751 2503 920 2542 triente
952 2500 995 2540 B
1044 2499 1064 2556 ss
1110 2501 1184 2543 die
1216 2503 1257 2542 D
1309 2499 1328 2555 {l
1377 2504 1403 2543 3
1442 2507 1662 2543 ecentron
1693 2501 1716 2541 b
1756 2497 1776 2554 ΙΙ

182 2558 210 2596 4
239 2556 516 2609 hemisperio
539 2558 579 2596 D
607 2554 626 2610 ΙΙ
656 2564 756 2610 post
777 2557 882 2598 tolli
901 2571 991 2599 uoc.
1017 2558 1167 2599 Solem
1189 2571 1318 2611 aegre
1340 2571 1531 2598 caremus
1559 2554 1578 2611 ΙΙ
1612 2559 1637 2597 5
1661 2569 1793 2610 apro-

186 2613 408 2665 pinquare
439 2613 477 2653 R
517 2609 535 2665 Π
576 2615 626 2653 11
659 2617 925 2654 autumnum
946 2613 988 2654 B
1028 2611 1046 2667 ΙΙ
1088 2616 1138 2654 12
1170 2615 1349 2667 hiemps
1378 2628 1403 2654 r
1442 2611 1461 2667 ΙΙ
1501 2615 1552 2654 17
1583 2613 1795 2664 hyemem

187 2669 225 2710 R
263 2665 281 2723 Η
327 2670 382 2710 20
412 2682 492 2722 pro
514 2668 556 2707 B
586 2682 668 2722 per
688 2670 726 2710 R
764 2667 783 2723 ΙΙ
822 2673 925 2709 rata
949 2670 1119 2710 Grotius
1149 2675 1251 2711 rota
1273 2669 1354 2711 BR
1384 2670 1510 2710 latae
1534 2670 1557 2710 b
1586 2666 1606 2724 ΙΙ
1642 2671 1696 2711 26
1727 2668 1794 2708 di—

186 2724 350 2765 latatis
390 2725 438 2766 rb
477 2726 676 2766 lateritis
707 2726 744 2766 R
782 2726 997 2766 latex-atis
1027 2725 1069 2764 B
1121 2723 1128 2779 l
1174 2728 1229 2767 28
1261 2738 1363 2767 oras
1395 2726 1437 2766 B
1483 2724 1502 2779 ΙΙ
1550 2726 1687 2767 XIIII
1714 2724 1797 2766 BR

186 2780 276 2822 XII
309 2781 332 2821 b
362 2782 470 2822 XVI
500 2795 524 2821 r
576 2779 581 2834 l
622 2783 675 2822 26
708 2781 944 2822 eliminata
974 2781 1055 2822 BR
1097 2779 1102 2835 Ι
1155 2785 1210 2824 30
1241 2795 1508 2835 proxumum
1540 2781 1598 2822 B¹
1638 2779 1657 2836 Η
1696 2781 1805 2822 dia-v

184 2845 358 2878 metoes
389 2836 502 2878 B¹R¹
553 2835 561 2891 l
624 2841 674 2879 31
708 2838 1119 2879 &malandrias
1150 2839 1191 2880 B
1231 2838 1625 2898 dioialexandrias
1655 2839 1693 2880 R
1732 2836 1752 2892 ΙΙ
