1982 3230
161 504 242 545 909

157 1491 240 1531 910

270 141 376 196 340
748 139 1049 183 MARTIANI
1078 140 1399 184 CAPELLAE

274 290 385 350 post
411 284 504 332 hos
536 283 823 331 honoratior
848 282 1211 346 fontigenarum
1236 283 1484 346 uirginum
1519 283 1701 334 chorus
1723 285 1876 350 Pega-

275 369 387 404 seae
414 353 554 402 uocis
579 358 780 402 nectare
807 351 1074 410 diffluebat,
1104 353 1186 416 qui
1211 353 1409 417 Phrygii
1436 355 1685 404 cuiusdam
1720 354 1878 421 pube-

278 424 369 474 dae
396 425 569 473 cicutis
596 424 851 488 geminatis
876 421 1250 488 <interstinctus
1277 438 1449 473 omnes
1473 425 1876 489 praecedentium

275 495 574 544 suauitatum
610 493 895 543 dulcedines
932 493 1160 543 anteibat.
1235 494 1432 543 tandem
1467 495 1597 545 inter
1622 495 1878 546 Phoebum

273 564 622 630 Pallademque
649 564 810 614 media
836 564 1103 613 Harmonia
1129 563 1350 613 sublimis
1375 565 1663 629 ingreditur.
1738 567 1878 616 cuius
1921 586 1942 619 5

272 650 512 685 sonorum
571 642 716 698 caput
783 636 890 684 auri
941 636 1248 684 coruscantis
1310 634 1516 685 bratteis
1591 635 1877 686 comebatur

274 721 417 756 caeso
446 706 590 754 etiam
625 711 925 770 tenuatoque
961 705 1159 754 metallo
1194 706 1361 770 rigens
1386 707 1538 756 uestis
1565 713 1613 756 et
1646 706 1877 757 omnibus

272 776 335 825 ad
378 783 564 825 motum
602 790 924 840 gressumque
967 782 1072 825 rata
1120 776 1499 843 congru->entia
1547 782 1875 842 temperatum

270 845 464 896 blandis
518 845 695 895 leniter
749 846 1063 910 crepitaculis
1107 846 1361 896 tinniebat.
1447 848 1586 897 cuius
1629 849 1877 898 incessum

271 922 429 966 mater
463 915 648 980 Paphia
674 921 727 965 ut
753 930 860 965 eam
897 917 1127 979 contigue
1171 916 1469 980 sequebatur
1494 917 1609 967 licet
1651 917 1873 982 pulchris
1897 937 1940 969 ιο

270 1002 415 1037 rosea
453 988 674 1037 numeris
712 1001 769 1035 ac
794 985 986 1036 libratis
1019 986 1245 1050 passibus
1270 994 1557 1037 moueretur
1591 989 1676 1037 uix
1709 993 1875 1038 tamen

270 1063 467 1121 poterat
493 1057 687 1106 imitari.
765 1056 937 1106 dextra
964 1064 1124 1105 autem
1155 1057 1403 1120 quoddam
1438 1059 1569 1122 gyris
1594 1057 1873 1123 multiplici-

271 1128 365 1177 bus
405 1127 695 1177 circulatum
732 1133 780 1175 et
815 1128 951 1176 miris
989 1126 1218 1176 ductibus
1252 1128 1570 1177 intertextum
1607 1127 1745 1178 uelut
1777 1127 1874 1192 cly-

269 1213 420 1262 peum
456 1197 738 1262 gestitabat,
768 1197 898 1262 quod
927 1198 1125 1262 quidem
1152 1199 1252 1247 suis
1285 1199 1335 1246 in
1359 1199 1518 1247 uicem
1545 1197 1874 1263 conplexioni-

269 1268 365 1319 bus
391 1268 697 1318 modulatum
735 1284 794 1318 ex
820 1267 916 1316 illis
954 1268 1130 1318 fidibus
1166 1267 1413 1318 circulatis
1449 1269 1667 1318 omnium
1702 1268 1872 1318 modo·
1897 1285 1938 1318 15

270 1354 384 1388 rum
438 1340 798 1388 concinentiam
858 1338 1173 1402 personabat.
1271 1338 1410 1388 laeua
1460 1344 1621 1388 autem
1670 1339 1876 1402 uirginis

270 1424 419 1474 quam
447 1408 615 1472 plures
642 1424 700 1458 ex
737 1423 858 1457 auro
887 1407 1188 1457 adsimilatae
1214 1423 1499 1473 paruaeque
1526 1409 1711 1472 effigies
1739 1409 1873 1458 thea-

270 1479 467 1529 tralium
511 1478 820 1542 uoluptatum
869 1477 1105 1542 religatae
1150 1478 1508 1543 dependebant.
1581 1493 1757 1528 uerum
1792 1477 1873 1527 ille

270 1549 406 1599 orbis
432 1564 533 1598 non
557 1548 723 1613 chelys
743 1563 836 1598 nec
854 1548 1083 1597 barbiton
1108 1563 1202 1598 nec
1227 1548 1579 1598 tetrachordon
1606 1548 1872 1612 apparebat

269 1621 356 1670 sed
410 1621 577 1683 ignota
631 1619 903 1667 rotunditas
948 1619 1168 1667 omnium
1218 1618 1453 1668 melodias
1501 1618 1873 1668 transcenderat
1895 1635 1936 1667 20

272 1704 589 1755 organorum.
667 1688 878 1753 denique
914 1690 998 1738 uix
1042 1690 1264 1752 ingressa
1301 1695 1447 1754 atque
1485 1689 1701 1739 eiusdem
1738 1687 1873 1738 orbis

270 1775 484 1810 sonuere
512 1765 807 1810 concentus:
837 1765 1014 1808 cuncta
1039 1758 1120 1808 illa
1144 1775 1269 1824 quae
1289 1760 1485 1810 dissona
1507 1760 1721 1809 suauitas
1738 1773 1873 1812 come

269 1831 528 1881 mendarat
562 1829 698 1880 uelut
723 1831 1046 1879 mutescentia
1072 1836 1358 1887 tacuerunt,
1386 1831 1589 1894 ipseque
1614 1835 1733 1879 tunc
1758 1829 1871 1894 Iup-

266 1902 396 1965 piter
423 1901 754 1966 caelestesque
780 1901 882 1948 diui
916 1902 1185 1964 superioris
1219 1899 1458 1950 melodiae
1485 1901 1646 1963 agnita
1673 1899 1870 1963 grandi-

267 1977 367 2021 tate
397 1987 520 2036 quae
551 1973 600 2020 in
636 1971 879 2020 honorem
919 1971 1170 2020 cuiusdam
1195 1972 1322 2034 ignis
1360 1972 1526 2020 arcani
1551 1986 1608 2019 ac
1645 1968 1870 2019 flammae
1891 1983 1934 2018 25

267 2041 544 2106 insopibilis
579 2040 893 2097 fundebatur,
922 2042 1125 2091 reueriti
1159 2043 1386 2091 intimum
1422 2042 1734 2106 patriumque
1762 2055 1869 2089 car-

266 2126 381 2160 men
408 2110 662 2174 paululum
689 2112 736 2159 in
763 2113 1134 2161 uenerationem
1162 2111 1575 2162 extramundanae
1602 2125 1772 2160 omnes
1797 2111 1869 2159 in-

384 2280 405 2317 1
437 2278 665 2331 uirginem
695 2277 793 2318 RB¹
833 2276 851 2332 ΙΙ
891 2291 1155 2333 pegasaeae
1188 2280 1226 2320 R
1265 2276 1283 2332 Η
1322 2281 1347 2318 2
1380 2278 1609 2319 defluebat
1638 2277 1680 2318 B
1711 2277 1869 2318 diflue-

264 2336 347 2375 bat
378 2336 401 2374 b
441 2331 461 2388 Η
509 2334 670 2387 phygii
692 2333 748 2373 B¹
781 2334 931 2387 phigit
958 2336 997 2376 R
1026 2335 1155 2388 frigii
1184 2349 1208 2374 r
1246 2332 1265 2388 Η
1304 2334 1514 2387 pubedae
1545 2335 1568 2375 b
1606 2333 1806 2387 pubidae
1826 2333 1868 2374 B

264 2390 433 2443 pudide
467 2391 505 2430 R
550 2387 573 2444 [l
619 2393 646 2431 4
685 2391 871 2432 foebum
901 2393 942 2431 D
990 2389 1009 2445 Η
1057 2393 1082 2432 5
1123 2391 1329 2432 armonia
1358 2391 1443 2431 BD
1493 2387 1514 2444 Η
1559 2391 1585 2430 6
1621 2390 1797 2431 brateis
1826 2392 1869 2430 in

263 2460 352 2487 ras.
390 2445 432 2484 B
491 2446 683 2487 blatteis
720 2448 762 2486 D
808 2448 864 2499 cf.
895 2448 1190 2488 Lachmannus
1225 2449 1282 2488 ad
1311 2448 1503 2488 Lucretii
1539 2446 1654 2487 IIII
1694 2448 1778 2487 727

264 2505 501 2543 comeatur
522 2501 583 2542 B¹
623 2500 642 2555 ΙΙ
680 2504 706 2544 8
729 2506 854 2543 motu
875 2505 915 2543 D
953 2501 973 2558 ΙΙ
1012 2506 1038 2544 9
1067 2516 1313 2546 necessum
1332 2504 1371 2544 R
1403 2504 1552 2555 (inces
1572 2505 1615 2543 in
1635 2516 1725 2544 ras.
1741 2502 1801 2555 B)

265 2560 318 2599 10
354 2559 559 2612 paphiae
588 2559 670 2598 BR
706 2559 939 2613 phaphiae
978 2561 1001 2601 b
1047 2557 1068 2614 Η
1116 2561 1336 2614 contigua
1366 2559 1390 2599 b
1438 2556 1459 2613 [J
1503 2558 1661 2612 pulchi
1688 2557 1732 2598 B
1766 2559 1866 2612 pul-

264 2614 361 2655 chis
392 2615 415 2655 b
455 2612 474 2669 Η
515 2616 567 2656 13
600 2615 857 2668 clipeumR
895 2613 914 2669 Η
955 2618 1007 2657 14
1039 2617 1349 2670 gestitebatR
1385 2613 1404 2669 Η
1446 2615 1739 2668 conplexibus
1760 2612 1849 2670 bru

264 2672 316 2711 15
346 2670 421 2711 ilis
443 2672 482 2711 R
520 2667 539 2724 ll
581 2673 633 2711 16
665 2673 1076 2714 concinenciumR
1114 2670 1133 2727 Η
1170 2673 1278 2713 leua
1307 2671 1389 2712 BR
1423 2668 1443 2726 [Ι
1481 2673 1532 2712 17
1563 2670 1865 2713 adsimulatae

261 2725 361 2768 BR¹
411 2723 430 2780 Η
485 2739 720 2780 paruoque
751 2726 869 2768 B¹R¹
926 2725 944 2782 Η
1003 2730 1055 2770 18
1093 2729 1320 2782 religatae
1352 2727 1675 2781 dependebant
1709 2730 1868 2781 scripsi

260 2782 582 2836 religataeque
621 2783 888 2836 pendebant
918 2786 1000 2826 BR
1132 2787 1183 2826 19
1222 2784 1364 2826 chelis
1401 2785 1439 2824 R
1493 2780 1514 2837 Ι]
1568 2784 1864 2825 tetracordon

259 2837 342 2878 BR
380 2835 399 2892 Η
439 2841 492 2879 21
524 2840 604 2879 uix
632 2841 789 2892 scripsi
816 2853 920 2883 mox
949 2842 1030 2882 BR
1082 2840 1087 2896 Ι
1127 2844 1180 2884 26
1212 2842 1500 2895 patriumque
1530 2841 1691 2892 scripsi
1716 2842 1864 2893 patri-

259 2906 467 2947 mumque
498 2895 579 2936 BR
617 2893 635 2951 Η
