1982 3230
181 1382 293 1424 496?

206 1944 289 1985 223

329 96 404 150 54
810 100 1112 143 MARTIANI
1143 99 1462 147 CAPELLAE

743 239 938 305 mythos
963 240 1025 290 ab
1053 256 1140 291 ore
1165 241 1333 311 pulsos

746 315 974 375 artesque
1000 327 1117 362 uera
1147 312 1304 363 fantes

743 379 1053 431 uoluminum
1080 389 1372 447 sequentum

740 457 1004 515 praecepta
1032 467 1338 517 comparare.

742 520 804 570 ad
830 520 952 571 haec
976 521 1168 572 iocante
1193 524 1321 572 rictu
1979 546 1982 569 ι

740 589 839 639 ‘nil
864 593 1188 641 mentiamur'
1215 594 1372 657 inquit

739 662 817 709 ‘et
841 662 1113 711 uestiantur
1139 669 1284 712 artes,

737 744 797 779 an
826 735 877 779 tu
904 745 1105 796 gregem
1132 747 1360 783 sororum

737 800 922 849 nudum
952 801 1091 851 dabis
1117 803 1356 866 iugandiS‚

738 876 786 919 et
811 871 881 919 513
906 877 1075 934 petent
1099 872 1335 923 Tonantis
1465 928 1468 929 γ
1957 891 1982 924 ιι

739 945 787 989 et
814 939 1039 990 caelitum
1068 943 1320 991 senatum?
1629 983 1638 992 .
1978 1002 1982 1007 Δ

739 1015 824 1059 aut
849 1011 889 1058 si
915 1015 1082 1060 tacere
1110 1011 1293 1060 cultum
1967 1016 1982 1068 ,ἶ

735 1078 922 1144 placet,
949 1081 1070 1129 ordo
1098 1082 1206 1145 quis
1231 1081 1528 1144 probatur?’
1610 1136 1614 1141 ,
1683 1120 1686 1122 v

737 1156 870 1199 certe
896 1150 1162 1214 loquentur
1186 1149 1297 1201 illae
1976 1187 1982 1214 a

737 1233 863 1282 quae
890 1221 1009 1283 quid
1036 1221 1163 1269 ferat
1188 1220 1466 1271 docendum
1955 1218 1982 1277 11⁴

733 1289 1033 1354 habitusque¹
1056 1297 1421 1354 consequentur
1976 1301 1982 1307 '

734 1367 951 1408 asomato
977 1360 1026 1408 in
1052 1359 1266 1423 profatu,

736 1428 887 1479 ‘haec
913 1445 1092 1494 nempe
1117 1431 1229 1478 ficta
1256 1445 1353 1479 uox
1380 1438 1452 1480 est
1967 1438 1982 1507 ξ

734 1505 781 1548 et
807 1498 981 1549 deuius
1007 1500 1241 1564 promissi
1268 1515 1334 1556 35,
1746 1559 1749 1561 Α
1955 1555 1957 1558 ,
1979 1538 1982 1547 .

732 1584 820 1618 cur
848 1582 966 1631 ergo
993 1583 1093 1617 non
1118 1570 1288 1619 fateris
1940 1562 1982 1646 24}

731 1640 783 1687 ni
810 1639 1023 1702 figminis
1048 1640 1204 1703 figura
1976 1653 1977 1658 ’

731 1707 800 1757 1111
826 1723 971 1772 posse
999 1710 1333 1773 comparari?'
1968 1700 1982 1787 ξ

730 1778 842 1845 <1115
868 1794 947 1828 1113
974 1780 1185 1833 Camena
1214 1780 1351 1829 uicit:
1770 1791 1772 1794 ’
1967 1794 1982 1846 4

730 1849 875 1898 nudis
900 1850 1081 1914 iugabo
1107 1848 1292 1899 ludum.
1963 1848 1982 1889 ἲ

460 1948 761 1998 Admouerat
795 1949 942 2010 igitur
968 1947 1194 1997 Latoides
1227 1962 1377 1997 unam
1405 1949 1571 2013 priori
1593 1948 1702 1999 loco
1729 1948 1919 2000 Mercu·
1935 1947 1982 2013 εξ

318 2015 510 2066 rialium
538 2019 875 2067 ministrarum
889 2023 1045 2066 aetate
1061 2018 1257 2081 quidem
1282 2018 1572 2081 longaeuam
1595 2019 1679 2068 sed
1697 2021 1925 2070 comitate
1972 2038 1982 2066 κ

319 2085 700 2144 blandissimam,
715 2101 839 2150 quae
862 2101 915 2135 se
935 2088 984 2134 in
1001 2087 1278 2150 Memphide
1303 2094 1463 2136 ortam
1478 2103 1597 2152 rege
1612 2089 1772 2139 adhuc
1785 2088 1924 2140 Osire
1963 2099 1979 2118 “—

318 2156 626 2206 memorabat
673 2158 854 2220 diuque
893 2155 1137 2205 obtectam
1173 2155 1389 2205 latibulis
1429 2156 1488 2207 ab
1530 2158 1636 2238 ipso
1674 2165 1923 2223 repertam
1963 2161 1982 2222 -ξ

319 2219 674 2308 educatamque
712 2225 944 2291 Cyllenio,
1009 2241 1133 2290 quae
1178 2226 1360 2275 femina
1395 2225 1507 2275 licet
1543 2229 1594 2275 in
1619 2227 1800 2284 Attica,
1838 2229 1924 2278 ubi
1971 2237 1982 2317 Ξ

318 2296 503 2346 maiore
531 2299 640 2346 aeui
675 2301 814 2361 parte
841 2296 1099 2353 floruerat,
1138 2310 1190 2344 se
1217 2301 1462 2345 assereret
1497 2297 1727 2347 incedere
1753 2297 1982 2362 pallia-313?

316 2371 431 2420 tam,
459 2372 622 2417 tamen
649 2369 748 2416 ritu
772 2365 1013 2415 Romuleo
1039 2371 1247 2430 propter
1268 2366 1462 2415 Latiare
1487 2381 1670 2417 numen
1697 2373 1744 2417 et
1759 2367 1921 2417 Olium
1971 2374 1982 2414 1

316 2442 461 2500 caput
483 2443 786 2518 propterque
807 2436 1028 2485 Martiam
1058 2442 1253 2499 gentem
1273 2436 1574 2499 Venerisque
1599 2438 1921 2502 propaginem

313 2511 537 2556 senatum
563 2507 707 2557 deum
735 2508 954 2570 ingressa
983 2511 1056 2555 est
1081 2505 1324 2569 penulata
1365 2507 1587 2570 gestabat
1613 2511 1732 2557 haec
1759 2512 1918 2557 autem
1975 2541 1982 2544 -

315 2582 445 2625 teres
471 2577 716 2642 quoddam
745 2592 804 2626 ex
831 2576 1097 2639 compactis
1122 2576 1478 2626 adnexionibus
1503 2577 1756 2638 ferculum,
1788 2576 1982 2644 quod

1971 2646 1982 2697 1

428 2753 449 2790 1
482 2755 631 2804 mytos
651 2753 694 2793 B
743 2749 762 2806 ΙΙ
810 2752 967 2805 pulsas
996 2753 1060 2794 bR
1107 2750 1128 2806 Η
1177 2754 1229 2794 10
1269 2753 1491 2794 Tonantis
1519 2756 1677 2806 scripsi
1703 2756 1919 2797 notandis
1960 2789 1982 2812 2

311 2805 396 2845 BR
429 2804 452 2860 Η
494 2809 543 2848 11
569 2812 615 2849 et
634 2810 677 2849 B
707 2810 755 2849 in
775 2808 884 2860 R(?)
925 2806 943 2862 Η
986 2809 1036 2849 15
1069 2821 1187 2860 quae
1210 2809 1317 2860 quid
1342 2809 1512 2849 Grotius
1533 2811 1639 2859 quic
1674 2811 1751 2852 uid
1771 2813 1854 2854 BR
1878 2808 1903 2866 [I

311 2862 369 2900 24
390 2863 523 2904 nudis
539 2867 697 2917 scripsi
717 2865 841 2918 fugis
851 2864 936 2904 BD
955 2862 974 2919 Η
994 2867 1046 2906 31
1066 2865 1172 2905 olim
1182 2864 1266 2904 BD
1288 2863 1390 2920 Toli
1408 2821 1674 2920 PiynoriusTl
1947 2829 1982 2982 Ξ
