1982 3230
337 138 444 190 396
964 138 1229 182 scHOLIA
1258 141 1323 182 IN

341 296 487 345 quem
515 280 645 328 Iouis
673 278 904 328 Sidonem
932 280 1064 328 misit
1089 285 1142 329 ut
1168 280 1419 345 Europam
1445 282 1687 343 Agenoris
1711 279 1863 330 filiam
1889 279 1951 330 ad

341 365 393 398 se
430 355 667 413 portaret.
719 350 761 398 is
796 365 887 414 per
921 349 1124 414 pelagus
1152 350 1401 400 Sidoniam
1437 353 1567 400 venit
1603 350 1770 416 ibique
1795 350 1954 400 Euro-

340 434 452 483 pam
491 420 622 468 inter
658 419 888 484 aequales
925 434 1037 469 suas
1073 420 1329 469 ludentem
1374 423 1425 469 in
1469 420 1653 484 templo
1694 419 1955 484 Aesculapi

341 492 595 553 conspexit
631 504 837 554 eamque
865 492 1126 554 repentino
1152 490 1361 555 abreptu
1398 492 1446 539 in
1474 492 1623 541 dorso
1651 490 1954 541 conlocatam

339 573 429 608 suo
458 560 653 608 deuexit
679 561 737 608 ad
765 560 934 609 Iouem
973 562 1021 609 in
1056 559 1266 610 insulam
1295 559 1505 610 Cretam.
1559 561 1622 611 oh
1650 561 1778 610 hanc
1802 562 1980 625 igitur·-

341 644 539 678 causam
564 630 783 695 Iuppiter
819 630 1062 680 sideribus
1089 638 1284 680 taurum
1322 632 1547 695 dignatus
1574 638 1649 681 est
1682 630 1955 680 inmortali·

342 715 438 765 que
465 702 703 749 memoria
740 701 935 750 adfecit.
988 701 1110 751 haec
1135 701 1370 765 Nigidius,
1423 700 1812 767 <Eratosthenes
1837 701 1956 750 dicit

339 770 508 819 Ionem
537 769 682 836 esse>
709 785 835 834 quae
864 771 999 835 fugit.
1048 772 1185 821 cuius
1212 773 1405 835 priores
1431 779 1597 836 partes
1621 777 1811 835 parent,
1839 769 1954 821 reli-

341 855 454 889 cum
490 854 669 905 corpus
703 855 802 889 non
838 841 1055 905 adparet.
1118 848 1304 905 spectat
1339 848 1502 891 autem
1538 843 1780 892 orientem
1818 840 1881 890 ob
1907 841 1953 890 id

341 909 402 958 ab
430 910 543 959 Iove
569 911 825 959 honorata.
878 913 1070 975 signum
1099 918 1261 960 autem
1288 914 1417 962 tauri
1443 913 1582 961 frons
1607 927 1753 977 quam
1781 911 1953 961 faciem
1978 928 1982 954 :

341 979 535 1044 Hyades
586 986 852 1038 uocantur,
907 996 1030 1045 quas
1065 981 1373 1046 Pherecydes
1417 982 1698 1032 Athenaeus
1739 983 1956 1031 nutrices

188 1057 244 1095 56
274 1053 316 1093 B
347 1050 515 1099 Liberi
541 1050 658 1099 dicit
683 1058 887 1114 septem.
934 1058 1052 1114 quot
1079 1058 1126 1101 et
1153 1051 1320 1101 stellae
1348 1058 1475 1101 sunt.
1530 1067 1655 1116 quae
1679 1051 1956 1101 Dodonides

342 1122 586 1185 nymphae
612 1127 869 1170 uocantur.
899 1137 1107 1186 quarum
1134 1124 1333 1170 nomina
1359 1121 1599 1172 Phaesula
1627 1128 1675 1172 et
1699 1120 1956 1171 Ambrosia

344 1190 551 1240 Coronis
564 1191 759 1241 Eudora
780 1191 960 1256 Polyxo
974 1192 1136 1242 Phaeo
1157 1192 1372 1256 Thyone.
1412 1208 1535 1256 quae
1558 1207 1670 1241 cum
1693 1191 1957 1257 aLycurgo

344 1263 676 1325 captiuitatem
713 1264 942 1311 timentes
976 1264 1209 1325 fugerunt
1242 1262 1440 1311 Thebas
1486 1262 1646 1312 subito
1682 1277 1745 1311 ne
1779 1262 1840 1311 ab
1876 1261 1982 1311 lu-:

342 1346 473 1381 none
524 1331 707 1394 aliquid
753 1335 1057 1395 paterentur.
1134 1333 1259 1382 Iovis
1303 1332 1438 1381 caelo
1488 1332 1661 1382 inlatas
1711 1331 1956 1381 sideribus

342 1401 621 1459 honorauit,
650 1402 843 1467 Hyadas
870 1402 1149 1467 appellauit,
1179 1402 1309 1466 quod
1336 1409 1568 1452 nascente
1593 1403 1771 1452 Libero
1798 1417 1880 1451 eas
1902 1402 1977 1450 in'

342 1473 484 1520 uerni
520 1472 756 1536 temporis
791 1474 984 1536 signum
1010 1473 1197 1535 posuit,
1236 1472 1364 1536 quod
1394 1474 1491 1522 sint
1525 1472 1783 1537 pluuialeS.
1843 1469 1954 1523 ὕειν

344 1542 473 1590 enim
500 1541 719 1606 pluere
748 1549 820 1591 est
847 1549 894 1591 et
918 1558 1090 1591 eorum
1112 1550 1247 1591 ortus
1269 1541 1454 1591 imbres
1476 1544 1700 1592 concitat.
1727 1543 1954 1591 Musaeus

331 1612 407 1660 ita
434 1613 610 1661 refert:
638 1612 760 1661 haec
781 1612 903 1661 Thia
926 1629 983 1661 ex
1006 1612 1202 1662 Oceano
1230 1614 1512 1676 procreauit
1538 1612 1661 1661 filias
1678 1611 1952 1661 duodecim.
1975 1624 1982 1656 ε

344 1696 403 1729 ex
432 1682 611 1744 quibus
639 1684 854 1746 quinque
891 1682 1042 1731 stellis
1068 1683 1299 1745 figuratas
1326 1682 1540 1747 HyadaS‚
1578 1689 1766 1746 septem
1793 1687 1955 1731 autem

342 1750 552 1800 Pliades.
616 1753 690 1801 his
718 1767 845 1802 unus
872 1753 964 1802 fuit
998 1754 1151 1801 frater
1179 1753 1330 1816 HyaS,
1373 1767 1516 1816 quem
1546 1767 1718 1802 omnes
1755 1766 1956 1801 sorores

344 1821 576 1871 dilexere.
629 1837 773 1885 quem
801 1823 849 1870 in
877 1830 1059 1872 uenatu
1085 1821 1163 1871 alii
1190 1822 1249 1871 ab
1277 1822 1432 1879 leone,
1462 1822 1542 1871 alii
1569 1822 1629 1871 ab
1657 1837 1777 1886 apro
1802 1823 1954 1871 inter-

344 1892 529 1941 fectum
557 1892 741 1941 dicunt.
794 1908 918 1956 quae
946 1909 1057 1942 eum
1085 1893 1258 1942 flentes
1294 1892 1523 1941 obierunt
1548 1892 1739 1941 Pliades
1764 1906 1954 1941 nuncu-

459 2034 482 2070 7
515 2031 692 2071 Catast.
727 2046 771 2084 p.
804 2033 900 2081 249,
932 2034 1071 2073 5—18

460 2159 480 2195 1
514 2157 730 2208 sydonem
761 2154 847 2210 ΡΗ
881 2159 905 2197 2
938 2158 1176 2209 sydoniam
1206 2159 1247 2197 P
1275 2159 1512 2199 sidoneam
1546 2158 1584 2197 B
1613 2155 1631 2212 Η
1665 2160 1691 2199 3
1722 2169 1827 2198 suos
1857 2153 1921 2208 ΡΙ

345 2213 553 2265 ascolapi
582 2209 659 2263 ΡΗ
687 2214 713 2253 5
743 2225 822 2252 suo
853 2226 930 2253 om.
962 2210 1039 2267 ΡΗ
1060 2217 1085 2255 6
1116 2214 1352 2266 syderibus
1382 2211 1459 2267 ΡΗ
1488 2214 1828 2265 immortalique
1858 2209 1922 2265 ΡΙ

343 2271 367 2309 7
401 2268 561 2310 affecit
589 2270 630 2309 P
654 2265 672 2322 Η
702 2272 1019 2309 eratostenens
1048 2267 1126 2322 ΡΗ
1152 2269 1178 2308 8
1207 2270 1363 2310 Ionem
1393 2271 1551 2321 scripsi
1578 2283 1636 2309 eae
1669 2269 1760 2311 Cat.
1789 2269 1952 2308 bouem

346 2326 378 2365 C
395 2322 415 2378 Η
437 2325 556 2377 fugit
574 2327 732 2376 scripsi
749 2325 840 2365 fuit
871 2325 904 2365 C
922 2322 940 2378 Η
968 2326 1095 2365 cuius
1124 2325 1167 2364 B
1198 2338 1300 2365 cum
1331 2327 1372 2365 P
1394 2322 1416 2379 Η
1442 2326 1593 2377 priore
1615 2327 1832 2377 parentes
1854 2323 1895 2363 B
1915 2320 1935 2377 Η

342 2381 568 2433 reliquum
589 2380 632 2420 B
651 2380 672 2434 Η
701 2383 727 2421 9
758 2385 955 2434 apparet
983 2382 1025 2420 P
1059 2377 1078 2435 Η
1119 2382 1171 2422 10
1200 2381 1324 2421 frons
1353 2396 1383 2433 p
1413 2382 1539 2421 frons
1569 2382 1611 2420 P
1636 2382 1730 2421 fros
1760 2379 1803 2419 B
1840 2376 1859 2433 Η
1900 2381 1951 2419 11

341 2438 503 2478 hiades
533 2438 576 2477 P
599 2434 618 2491 Η
639 2438 880 2488 ferecydes
910 2437 952 2476 B
989 2436 1205 2478 fericides
1235 2438 1277 2477 P
1312 2434 1330 2491 Η
1371 2438 1594 2478 atheneus
1625 2437 1667 2477 B
1701 2433 1720 2490 Η
1761 2438 1812 2476 12
1844 2438 1957 2487 quot

341 2496 499 2546 scripsi
529 2494 647 2546 quod
680 2494 713 2534 C
738 2489 758 2546 Η
787 2494 1047 2534 Dedonides
1077 2494 1117 2533 P
1141 2490 1160 2547 Η
1191 2496 1242 2534 13
1275 2506 1461 2546 quorum
1490 2490 1570 2546 ΒΗ
1598 2491 1821 2533 Praesula
1849 2492 1892 2531 P
1915 2487 1934 2544 Η

346 2552 399 2590 14
430 2550 622 2590 Coronis
653 2551 769 2603 qu.
790 2563 836 2601 p.
863 2552 949 2590 395
981 2549 1168 2590 Cotonis
1194 2550 1227 2590 C
1243 2546 1262 2603 Η
1282 2549 1465 2602 pholixo
1488 2550 1528 2588 P
1545 2546 1564 2599 Η
1585 2549 1740 2590 Phaeo
1762 2546 1951 2598 Thyene

343 2606 628 2658 Kiesslinyius
649 2606 914 2647 Phriotenis
935 2605 968 2644 G
987 2602 1005 2659 Η
1026 2605 1211 2656 lycureo
1234 2606 1510 2658 captiuitate
1533 2605 1574 2644 B
1603 2604 1784 2657 ligurgo
1807 2602 1955 2655 capti—

342 2663 537 2703 vitatem
567 2658 643 2715 ΡΗ
674 2663 724 2702 15
755 2662 858 2701 subi
888 2661 930 2700 B
949 2657 968 2715 Η
997 2660 1050 2701 16
1078 2661 1251 2702 inlatus
1283 2661 1324 2701 B
1346 2658 1366 2716 Η
1384 2662 1623 2714 syderibus
1653 2661 1696 2699 P
1719 2657 1738 2712 Η
1769 2659 1820 2699 17
1851 2657 1951 2698 hia-

344 2718 425 2758 des
456 2719 498 2757 P
528 2715 546 2771 Η
588 2719 639 2758 18
668 2718 802 2758 uerni
830 2719 989 2770 scripsi
1014 2730 1157 2758 uener
1186 2719 1228 2757 P
1255 2719 1436 2758 uenerit
1463 2716 1506 2756 B
1543 2712 1566 2771 Η
1601 2716 1709 2767 yein
1738 2713 1810 2766 Bp
1841 2714 1951 2754 uein

343 2775 385 2813 P
410 2771 429 2828 Η
459 2776 510 2814 19
541 2778 667 2815 ortus
697 2774 745 2813 in
774 2774 902 2814 fibris
932 2772 974 2812 B
1003 2770 1021 2824 Η
1050 2774 1252 2813 concitet
1279 2773 1323 2813 B
1351 2770 1369 2826 Η
1397 2784 1606 2813 musaeus
1639 2784 1694 2810 ex
1724 2770 1816 2810 ista
1844 2769 1887 2809 B

345 2832 399 2870 20
429 2830 547 2871 haec
578 2843 655 2870 om.
689 2829 731 2868 B
757 2826 778 2883 Η
806 2829 904 2869 thia
934 2829 976 2867 B
1005 2829 1090 2874 tibi
1120 2831 1162 2868 P
1186 2826 1203 2883 Η
1240 2831 1292 2869 21
1324 2828 1488 2870 hiadas
1518 2828 1560 2867 P
1583 2824 1603 2879 Η
1639 2829 1692 2866 22
1724 2826 1828 2867 hias
1847 2826 1890 2865 P
1925 2823 1934 2877 l

343 2887 398 2924 24
428 2886 470 2928 fl.
507 2898 607 2926 eum
638 2886 679 2925 B
699 2883 718 2940 Η
737 2888 1056 2938 nunccupatas
1086 2882 1183 2939 12¹ss
