1982 3230
0 0 99 55 m

760 89 946 130 mmm
976 89 1046 130 111
1646 87 1712 140 91

101 234 325 284 deram.
399 231 573 282 tertius
611 235 685 280 est
719 244 830 279 cum
858 229 897 280 E
936 236 983 279 et
1010 229 1051 279 Ο
1086 230 1137 279 in
1163 229 1202 275 V
1229 235 1278 279 et
1312 229 1335 279 Ι
1370 234 1623 279 mutantur
1663 237 1716 279 ιιι

103 303 276 355 caleo
315 301 501 358 calui,
550 314 768 350 moneo
807 301 1037 357 monui,
1089 298 1409 350 calueram
1460 315 1712 350 monue-

99 389 223 424 ram.
297 378 499 439 quartus
526 377 598 421 est
634 386 745 420 cum
782 370 822 420 Ε
849 376 896 419 et
922 369 963 420 Ο
1001 371 1050 419 in
1077 370 1099 420 1
1132 375 1324 420 mutant
1348 377 1397 420 et
1432 385 1715 420 consonan-

99 449 202 495 tem
241 458 366 509 quae
404 441 656 508 praecedit
702 442 754 490 in
794 441 827 490 S
865 446 918 489 ut
965 439 1212 503 mulgeo
1260 439 1443 490 mulsi
1481 441 1714 491 mulse-

58 531 80 566 5
103 529 245 565 ram.
320 513 519 578 quintus
545 518 619 561 est
656 526 767 561 cum
796 510 835 560 E
866 516 915 560 et
942 510 982 560 Ο
1008 511 1056 559 in
1093 510 1114 559 Ι
1153 515 1367 567 mutant,
1408 511 1716 576 praecedens

101 599 224 634 uero
262 597 538 632 consonans
564 583 614 631 in
639 581 684 631 X
709 587 928 631 mutatur
965 586 1021 630 ut
1054 579 1239 629 luceo
1276 587 1324 630 et
1359 580 1549 645 lugeo
1585 581 1716 631 luxi

98 654 395 704 luxeram.
433 658 600 702 sextus
628 657 702 701 est
726 652 810 716 qui
834 666 925 716 per
952 649 1332 715 duplicationem
1358 650 1572 716 syllabae
1598 667 1715 717 pro-

99 723 260 774 fertur
285 730 340 773 ut
376 722 657 789 spondeo
685 720 996 788 spopondi
1034 720 1514 787 spoponderam.
1566 724 1715 788 septi-

14 849 17 855 ,
101 809 210 844 mus
237 795 418 859 estqui
456 792 723 843 resoluitur
758 794 810 841 in
836 791 1047 841 formam
1073 792 1387 857 passiuorum
1425 798 1480 842 ut
1517 793 1715 842 audeo

28 867 81 918 γιο
102 879 291 915 ausus
338 878 466 913 sum
505 877 565 913 es
612 870 706 913 est
742 878 927 913 ausus
976 877 1143 911 eram
1196 877 1338 912 eras
1377 869 1525 912 erat.
1603 861 1715 929 <se-

101 934 292 985 cundae
331 934 687 997 coniugationis
724 932 880 983 uerba
925 931 1193 982 indicatiuo
1238 933 1387 983 modo
1435 934 1600 999 specie
1638 934 1714 982 in-

102 1004 326 1055 choatiua
366 1004 556 1054 adiecta
593 1004 653 1053 ad
701 1004 1050 1069 imperatiuum
1089 1014 1212 1052 ΒΑΜ
1250 1002 1435 1068 syllaba
1483 1010 1716 1054 manente

101 1075 428 1140 productione
475 1075 802 1124 terminantur
848 1079 902 1123 ut
959 1073 1106 1123 uide
1162 1073 1472 1131 uidebam,
1533 1089 1581 1123 m
1598 1089 1671 1124 on
1689 1090 1716 1125 e

102 1144 441 1201 monebam.
527 1144 772 1194 secundae
821 1145 1180 1207 coniugationis
1237 1143 1392 1194 uerba
1449 1145 1716 1195 indicatiuo

39 1234 81 1268 15
103 1216 250 1265 modo
277 1222 503 1281 tempore
530 1214 695 1264 futuro
723 1213 911 1265 adiecta
947 1214 1007 1263 ad
1034 1215 1380 1279 imperatiuum
1409 1215 1613 1264 modum
1638 1226 1715 1266 ΒΟ

102 1284 285 1350 syllaba
334 1290 563 1335 manente
610 1284 936 1350 productione
985 1285 1315 1334 terminantur
1352 1291 1406 1334 ut
1442 1285 1585 1335 uide
1623 1286 1717 1335 ui·

102 1355 286 1413 debo,
326 1370 505 1406 mone
542 1354 819 1404 monebo.

243 1426 437 1476 Tertiae
450 1426 808 1490 coniugationis
821 1431 1078 1491 correptae
1100 1425 1254 1476 uerba
1280 1425 1546 1476 indicatiuo
1565 1426 1715 1477 modo

100 1502 326 1563 tempore
375 1498 623 1563 praesenti
675 1511 886 1562 persona
937 1497 1098 1562 prima
1147 1503 1228 1546 aut
1281 1495 1318 1546 Ο
1368 1496 1531 1547 littera
1582 1496 1714 1547 nulla

27 1577 79 1620 '20
104 1566 195 1617 alia
218 1568 547 1633 praecedente
586 1566 744 1617 uocali
770 1567 1098 1616 terminantur
1125 1573 1178 1616 ut
1212 1566 1354 1631 lego
1381 1567 1544 1630 legis
1570 1574 1716 1633 peto

40 1702 43 1705 .
103 1639 290 1702 petis;
341 1644 423 1687 aut
459 1637 507 1696 I,
557 1639 737 1703 rapio
783 1638 957 1702 rapis
1018 1638 1181 1687 facio
1229 1638 1411 1694 facis;
1467 1644 1550 1688 aut
1589 1637 1626 1685 V
1664 1644 1718 1688 ut

101 1708 290 1758 induo
336 1709 526 1758 irruo.
604 1709 777 1758 tertiae
826 1709 1184 1771 coniugationis
1234 1715 1493 1773 correptae
1544 1707 1716 1763 uerba,

102 1793 228 1842 quae
266 1778 530 1829 indicatiuo
567 1779 714 1828 modo
753 1784 977 1843 tempore
1014 1779 1266 1843 praesenti
1302 1793 1517 1843 persona
1555 1780 1714 1844 prima

105 1847 146 1898 Ο
163 1846 325 1898 littera
351 1848 485 1899 nulla
513 1848 605 1898 alia
639 1847 972 1913 praecedente
998 1847 1157 1898 uocali
1180 1849 1519 1907 terminantur,
1542 1849 1716 1899 eadem

18 1919 402 1984 ¹,25imperatiub
441 1919 588 1969 modo
624 1925 850 1983 tempore
885 1920 1133 1983 praesenti
1169 1934 1383 1984 persona
1421 1919 1638 1970 secunda
1677 1920 1715 1969 E

105 1996 348 2054 correpta,
377 1990 704 2054 praecedente
744 1989 1082 2055 consonante>
1108 1991 1298 2053 primae
1332 1991 1589 2055 positionis
1615 1996 1715 2040 ter-

103 2060 349 2109 minanter
387 2067 440 2110 ut
475 2060 613 2125 lego
651 2059 814 2124 lege,
854 2066 994 2124 peto
1033 2066 1203 2124 pete;
1245 2076 1371 2126 quae
1409 2061 1448 2108 V
1487 2066 1535 2110 et
1562 2060 1618 2118 O,
1660 2075 1714 2111 ea

102 2131 398 2195 imperatiuo
436 2130 583 2180 modo
620 2131 658 2179 V
696 2137 744 2180 et
777 2131 815 2180 E
853 2130 1138 2180 retinebunt
1174 2137 1228 2180 ut
1274 2131 1465 2181 induo
1503 2132 1715 2189 indue,

102 2201 275 2250 irruo
325 2202 516 2253 irrue.
603 2202 774 2251 tertiae
829 2202 1186 2266 coniugationis
1243 2209 1504 2267 correptae
1560 2201 1716 2252 uerba

1 2270 6 2276 ’
38 2270 281 2324 ιιοίιιιίιιίιί
318 2271 451 2335 modi
489 2271 675 2322 adiecta
715 2271 775 2321 ad
812 2273 1159 2336 imperatiuum
1186 2273 1389 2323 modum
1416 2285 1490 2323 RE
1529 2271 1716 2337 syllaba

103 2348 332 2391 manente
360 2342 671 2407 correptione
697 2343 1027 2392 terminantur
1051 2349 1104 2393 ut
1141 2342 1279 2406 lege
1307 2343 1544 2406 legere,
1575 2350 1717 2407 pete

102 2425 134 2474 p
147 2416 280 2461 eter
294 2427 335 2461 e.
375 2413 550 2462 tertiae
566 2414 923 2477 coniugationis
943 2413 1115 2470 uerba,
1134 2429 1259 2479 quae
1280 2414 1547 2464 indicatiuo
1568 2412 1715 2462 modo

103 2488 330 2546 tempore
357 2484 606 2546 praesenti
643 2498 856 2548 persona
883 2484 1042 2547 prima
1081 2495 1142 2534 10
1169 2483 1343 2533 litteris
1370 2485 1714 2540 terminantur,

111 2565 165 2601 ea
191 2553 511 2615 praeteritum
540 2553 815 2617 perfectum
843 2561 892 2602 et
924 2553 1462 2619 plusquamperfectum
1498 2569 1585 2603 sex
1610 2569 1716 2603 mo·

20 2627 85 2673 '85
107 2620 180 2670 dis
218 2624 487 2674 enuntiant.
562 2624 751 2688 primus
779 2629 852 2673 est
888 2625 970 2688 qui
1005 2625 1177 2673 tertiae
1215 2627 1574 2688 coniugationis
1599 2640 1716 2689 pro·

218 2750 245 2789 5
274 2753 454 2790 mutant
474 2763 551 2791 om.
581 2750 623 2790 B
729 2751 753 2790 6
778 2750 911 2790 luceo
935 2754 981 2790 et
1002 2763 1079 2791 om.
1102 2751 1139 2790 R
1188 2748 1206 2804 Η
1256 2752 1306 2791 11
1337 2752 1577 2793 incoatiua
1596 2751 1639 2791 B
1677 2749 1700 2806 Η

109 2803 160 2843 17
190 2816 321 2846 mane
352 2807 548 2847 manebo
571 2807 611 2845 D
730 2808 780 2847 19
813 2819 1038 2859 personae
1071 2807 1242 2860 primae
1266 2808 1305 2847 D
1404 2810 1458 2849 23
1490 2820 1715 2862 personae

107 2859 281 2910 primae
304 2862 344 2901 D
392 2859 411 2915 11
461 2864 515 2903 24
556 2862 714 2904 eadem
738 2862 821 2902 BD
854 2862 1010 2904 eodem
1042 2867 1245 2916 tempore
1269 2864 1291 2903 b

1747 730 1859 773 876¹

1748 1437 1830 1478 316

1748 2422 1831 2463 317
