1982 3230
183 286 265 326 358

181 426 262 466 359

815 0 843 18 w
850 2 851 7 ¹
859 0 882 14 0²
916 0 1446 31 1:²³7-ss*unm-:fsswvata-am3ffl2,
1462 12 1468 19 0
1478 11 1480 13 >
1490 19 1494 23 .
1503 15 1518 23 ,.
1525 2 1564 31 a„

918 35 921 38 ,
1123 58 1134 62 d
1172 47 1182 54 ἱ
1273 28 1538 60 «.,’>.-*τ,.1-,;;ςμδ
1573 32 1610 45 ⁷..

297 127 399 181 103
771 126 1071 170 MARTIANI
1100 125 1420 171 OAPELLAE

438 270 602 319 Rebus
629 279 736 319 SVA
777 274 890 317 sunt
926 267 1094 327 uerba,
1133 285 1258 335 quae
1296 269 1536 320 naturalia
1562 277 1709 338 atque
1745 274 1890 325 etiam

293 342 493 407 propria
520 340 726 389 dicimus
751 344 805 387 ut
841 338 1002 403 lapis
1036 339 1268 403 lignum
1304 347 1351 391 et
1378 348 1556 391 cetera.

435 421 652 459 ALIENA
703 416 816 458 sunt
862 425 987 475 quae
1033 413 1222 461 ratione
1270 411 1431 477 aliqua
1477 418 1764 463 mutuantur
1809 413 1891 465 uel

293 488 497 546 propter
536 482 880 530 necessitatem
915 479 994 529 uel
1019 489 1225 546 propter
1253 482 1499 531 decorem.
1573 490 1778 549 propter
1802 499 1890 535 ne-

293 553 569 602 cessitatem
615 558 668 600 ut
705 551 910 600 dicimus
960 553 1124 602 uites
1163 567 1490 616 gemmare,
1540 553 1744 604 laetas
1786 567 1935 605 *se-5

292 628 485 685 getes,
562 622 640 670 hic
680 624 806 670 enim
846 623 1075 687 quoniam
1113 624 1370 688 proprium
1402 623 1578 682 deficit,
1618 624 1779 674 alieno
1815 627 1893 675 usi

291 707 476 742 sumus.
551 708 712 758 neque
749 694 878 741 enim
914 698 995 741 aut
1039 695 1199 742 uites
1236 693 1364 743 aliud
1404 709 1550 759 quam
1587 710 1891 759 gemmare

240 781 241 786 ¹
292 769 374 812 aut
409 770 659 826 segetes
700 762 827 812 aliud
855 778 1000 828 quam
1036 763 1232 813 laetas
1265 779 1527 827 possumus
1554 765 1735 816 dicere.
1772 781 1890 831 pro·

176 1053 259 1091 360

134 1762 265 1803 1055
286 1750 592 1812 grammatici
639 1748 751 1799 κατ’
792 1747 1104 1812 ἀντίφραειν
1153 1754 1346 1799 uocant.
1419 1764 1509 1814 per
1559 1747 1881 1801 differentiam

167 2254 247 2294 361

288 839 399 897 pter
426 833 654 882 decorem
683 840 845 882 autem
874 833 1079 882 dicimus
1104 834 1416 884 fluctuare
1444 842 1704 899 segetes.
1777 850 1891 902 pos·
1966 854 1977 862 ⁸

290 919 459 953 sumus
497 906 627 953 enim
665 903 798 953 aliud
847 907 1083 953 moueri
1119 905 1308 963 dicere,
1349 906 1437 954 sed
1473 908 1704 971 quoniam
1743 921 1887 957 orna·
1911 906 1969 952 10'

289 980 393 1022 tum
420 989 520 1022 non
548 980 635 1031 est,
665 973 824 1023 alieno
850 975 1050 1023 utimur.

430 1056 649 1093 ALIENA
687 1044 840 1093 uerba
866 1044 1022 1094 tribus
1047 1045 1205 1094 modis
1229 1045 1352 1094 fiunt
1387 1052 1470 1095 aut
1494 1061 1584 1110 per
1618 1046 1890 1097 similitudi-

289 1131 401 1163 nem
439 1123 522 1164 aut
547 1130 636 1180 per
664 1106 910 1164 contraria
936 1121 1018 1164 aut
1051 1131 1141 1180 per
1168 1116 1481 1165 differentias,
1554 1131 1644 1180 per
1670 1116 1890 1167 similitu-

289 1185 469 1242 dinem,
498 1192 552 1234 ut
574 1194 689 1235 sunt
715 1201 840 1251 quae
861 1186 913 1234 in
934 1187 1282 1251 grammaticae
1303 1188 1459 1250 tropis
1487 1193 1809 1237 numerantur
1833 1193 1888 1237 ut

287 1256 380 1305 hoc
405 1257 565 1321 ipsum
594 1256 725 1321 quod
746 1256 844 1304 dixi
870 1252 1465 1321 fluctuare'segeteS.
1506 1273 1565 1306 ex
1586 1257 1683 1307 hoc
1703 1271 1887 1321 genere
1907 1269 1952 1303 15

286 1333 400 1376 sunt
427 1328 570 1375 etiam
606 1326 711 1382 illa,
740 1342 863 1391 quae
899 1342 958 1375 ex
984 1332 1086 1375 toto
1122 1334 1314 1391 partem
1349 1334 1432 1376 aut
1467 1343 1526 1377 ex
1561 1334 1700 1391 parte
1733 1333 1890 1378 totum
1972 1362 1982 1376 ν.

287 1398 565 1460 significant
602 1398 653 1444 in
687 1396 819 1446 hunc
854 1397 1054 1446 modum
1091 1405 1145 1446 ut
1171 1399 1404 1446 decenter
1430 1397 1699 1447 uerborum
1734 1398 1884 1448 habe-

286 1473 370 1516 ant
395 1469 829 1532 propinquitatem.
903 1467 1026 1516 haec
1052 1470 1183 1516 enim
1221 1467 1550 1518 similitudinis
1576 1483 1758 1532 genere
1782 1468 1888 1534 pla-

286 1539 387 1586 cuit
439 1537 638 1586 includi.
722 1552 811 1600 per
859 1539 1159 1587 contrarium
1210 1538 1363 1587 uerba
1410 1539 1637 1587 dicuntur
1692 1539 1887 1602 quando

285 1614 455 1657 contra
503 1623 648 1672 quam
695 1608 904 1656 dicimus
952 1610 1281 1672 accipiuntur,
1330 1615 1381 1657 ut
1417 1609 1641 1658 Parcas
1678 1609 1982 1662 dicimusao.

285 1678 430 1727 Fata
457 1694 567 1727 cum
595 1693 695 1728 non
726 1685 955 1741 parcant,
985 1685 1032 1727 et
1057 1678 1261 1728 lucum
1288 1694 1401 1727 cum
1428 1694 1528 1727 non
1562 1678 1738 1728 luceat.
1790 1679 1886 1730 hoc

283 1818 439 1868 aliena
467 1819 621 1868 uerba
648 1827 761 1868 sunt
798 1834 908 1868 cum
936 1822 1040 1868 sine
1066 1819 1160 1868 ulla
1187 1821 1377 1869 ratione
1403 1835 1463 1869 ex
1498 1818 1604 1870 aliis
1630 1835 1885 1870 assumun-
1976 1812 1982 1837 ⁵

282 1898 377 1950 tur,
415 1896 470 1939 ut
494 1892 537 1939 si
561 1890 810 1939 hominem
838 1889 1033 1956 <neque
1061 1905 1269 1954 corpore
1305 1891 1481 1939 durum
1507 1905 1666 1955 neque
1691 1891 1885 1954 ingenio
1975 1946 1982 1952 .

282 1959 511 2009 stolidum
537 1959 806 2024 lapidem
851 1961 1084 2010 dicamus.
1159 1961 1245 2010 sed
1278 1961 1355 2009 his
1393 1962 1464 2010 uti
1497 1975 1597 2009 non
1632 1961 1874 2010 conuenit.
1899 1970 1950 2005 25
1975 1966 1982 2028 j

282 2029 483 2080 stultum
519 2036 593 2079 est
631 2032 760 2079 enim
798 2037 881 2080 aut
915 2030 1035 2079 nihil
1074 2032 1394 2094 significantia
1430 2031 1582 2080 uerba
1620 2038 1704 2080 aut
1736 2032 1882 2080 nimis
1975 2039 1982 2043 “

282 2100 440 2149 aliena
475 2100 722 2164 proferre.
795 2102 1010 2165 propriis
1048 2109 1212 2150 autem
1259 2100 1499 2151 similibus
1538 2110 1586 2151 et
1623 2102 1881 2152 contrariis

280 2172 355 2219 uti
382 2171 454 2219 fas
481 2177 569 2219 est.

427 2237 720 2310 [Antequam
756 2240 816 2289 de
855 2241 948 2289 hac
974 2240 1158 2297 dicam,
1193 2241 1431 2306 quaedam
1468 2241 1687 2291 docenda
1724 2237 1876 2309 sunt.]
1979 2295 1982 2303 .

281 2326 426 2360 omne
452 2311 684 2376 quicquid
711 2311 919 2360 dicimus
956 2317 1037 2360 aut
1063 2310 1335 2360 subiectum
1363 2318 1435 2360 est
1461 2318 1545 2360 aut
1570 2311 1628 2360 de
1654 2310 1875 2361 subiecto
1897 2306 1982 2370 wi

281 2387 364 2430 aut
398 2383 448 2430 in
490 2381 711 2431 subiecto
746 2388 833 2430 est.
915 2392 1243 2431 SVBIECTVM
1282 2388 1354 2431 est
1390 2383 1548 2445 prima
1593 2380 1879 2449 substantia,
1973 2391 1982 2468 ξ

394 2509 416 2547 1
450 2519 567 2559 quae
599 2511 708 2547 sunt
736 2508 881 2547 uerba.
911 2514 1008 2547 ante
1028 2508 1165 2548 rebus
1195 2509 1298 2548 add.
1319 2507 1401 2548 BR
1448 2504 1467 2561 ΙΙ
1515 2509 1541 2548 3
1573 2518 1692 2559 quae
1723 2506 1878 2548 aliena
1970 2515 1982 2547 4

279 2570 377 2604 ante
410 2563 563 2604 aliena.
593 2565 692 2604 add.
714 2563 796 2604 BR
843 2560 863 2617 l]
910 2565 936 2604 5
973 2565 1031 2616 cf.
1067 2564 1151 2604 Cic.
1186 2563 1258 2607 Or.
1294 2567 1350 2605 31
1407 2560 1426 2616 Η
1485 2565 1535 2603 11
1575 2564 1719 2603 utitur
1746 2563 1790 2603 B
1842 2559 1862 2618 ΙΙ
1973 2568 1982 2618 ᾖ

282 2621 332 2659 12
365 2623 476 2673 quot
512 2620 658 2661 modis
690 2619 844 2660 aliena
874 2620 1019 2660 uerba
1049 2620 1164 2660 fiant
1195 2619 1369 2671 (aliena
1399 2620 1491 2659 sint
1509 2617 1565 2669 R)
1597 2625 1694 2660 ante
1723 2619 1879 2660 aliena
1971 2625 1982 2650 ι·

278 2677 380 2717 add.
409 2675 477 2716 Br
514 2673 535 2731 ss
583 2678 634 2717 13
666 2679 745 2716 aut
775 2675 1045 2716 differentia
1066 2676 1107 2716 B
1153 2673 1173 2730 Η
1221 2678 1274 2716 22
1307 2678 1414 2716 cata
1446 2675 1692 2715 antifrasin
1719 2674 1763 2714 B
1801 2687 1878 2715 ca—

276 2732 545 2773 tantifrasin
582 2733 619 2773 R
675 2729 694 2785 ΙΙ
751 2731 1037 2773 differentias
1083 2733 1122 2773 R
1177 2729 1197 2786 ΙΙ
1259 2734 1313 2773 27
1369 2736 1415 2771 et
1465 2731 1692 2771 similibus
1737 2732 1779 2770 D
1839 2728 1863 2786 fl

277 2789 331 2828 29
364 2788 473 2841 quid
511 2789 572 2829 sit
610 2788 873 2829 substantia
903 2795 1001 2828 ante
1033 2793 1280 2841 antequam
1309 2789 1409 2828 add.
1431 2787 1515 2826 BD
1562 2783 1583 2841 ss
1631 2790 1878 2839 antequam

279 2864 336 2872 -
366 2847 472 2884 sunt
500 2846 639 2885 deleui
682 2841 703 2898 H
750 2846 802 2885 31
837 2847 907 2885 est
935 2851 1032 2891 ante
1061 2845 1317 2886 subiectum
1344 2857 1420 2885 om.
1442 2844 1484 2883 D
1514 2839 1539 2898 ss
1575 2846 1654 2882 aut
1685 2842 1741 2883 de
1773 2842 1878 2883 sub-

276 2899 399 2939 iecto
434 2904 480 2940 et
509 2902 559 2940 in
590 2901 799 2941 subiecto
830 2907 927 2941 ante
958 2902 1216 2941 subiectum
1249 2903 1319 2941 est
1347 2900 1494 2952 prima
1524 2912 1564 2942 s..
1592 2900 1692 2940 add.
1713 2898 1756 2938 B
1792 2896 1814 2954 fl
