1982 3230
180 248 265 288 940

184 871 263 912 941

291 96 397 149 354
771 95 1069 146 MARTRIANI
1101 93 1420 135 CAPELLAE

294 240 560 287 mittamus.
636 249 813 285 uerum
855 251 923 284 ex
959 236 1066 285 istis
1111 235 1203 285 alia
1242 235 1450 293 faciunt,
1502 237 1594 288 alia
1633 241 1898 304 patiuntur.

294 309 478 357 faciunt
502 307 706 354 intentio
726 304 807 355 uel
826 306 1067 362 remissi0‚
1095 307 1348 371 patiuntur
1369 322 1573 358 acumen
1597 316 1645 359 et
1665 313 1898 374 grauitas,

294 376 554 442 productio
587 382 748 425 autem
779 383 923 426 est—
941 376 1036 425 hoc
1058 383 1131 425 est
1151 375 1460 428 {ffiractc—
1480 381 1616 428 uocis
1641 383 1900 431 commotio

295 464 320 497 a
344 446 453 495 loco
480 447 708 511 grauiore
733 448 784 495 in
805 452 1002 495 acutum
1027 446 1205 502 locum,
1234 445 1407 499 ἄνεειε
1425 464 1547 498 uero
1574 456 1759 508 contra,
1788 467 1899 501 nam

294 517 355 566 ab
384 517 622 566 acuminis
649 516 862 566 culmine
887 518 938 565 in
964 531 1118 580 graue
1138 518 1368 582 quiddam
1396 521 1678 585 seriumque
1698 521 1900 572 descen·
1923 535 1946 568 5

295 589 378 638 dit.
455 588 510 637 fit
546 594 709 643 autem
744 588 852 636 soni
887 589 1103 652 grauitas
1130 603 1243 637 cum
1271 603 1329 637 ex
1363 590 1536 639 intimo
1571 591 1769 655 quidem
1805 593 1900 656 spi·

294 660 417 708 ritus
452 658 679 715 trahitur,
719 673 927 708 acumen
963 673 1085 708 uero
1113 674 1172 708 ex
1211 660 1471 723 superficie
1509 662 1607 711 oris
1647 663 1898 711 emittitur.

294 734 410 779 sunt
435 729 582 792 igitur
609 728 992 779 innumerabiles
1018 730 1127 778 soni
1153 730 1239 779 sed
1266 729 1542 793 specialiter
1567 746 1657 796 per
1683 731 1902 796 singulos

295 807 467 864 tropos
493 798 867 863 <duodeuiginti
892 805 1082 848 tantum
1107 805 1343 864 poterunt
1369 802 1661 859 conuenire,
1690 817 1900 866 quorum

297 870 496 918 nomina
532 871 763 932 superius
799 871 1088 918 memoraui.
1165 885 1374 934 quorum
1412 872 1550 935 prior
1578 878 1653 922 est
1688 872 1898 937 adquisi-
1924 887 1968 918 ιο

143 941 396 997 319θῑιιε,
434 940 516 1003 qui
550 939 662 988 ideo
701 938 785 988 tali
820 940 1020 988 nomine
1063 946 1400 1004 nuncupatur,
1451 943 1682 1005 quoniam
1729 957 1899 992 eorum

87 1464 100 1472 t
185 1435 266 1474 942

297 1025 424 1076 quae
461 1009 778 1059 tetrachorda
816 1011 1134 1059 nominantur
1171 1009 1292 1059 nulli
1319 1012 1519 1061 omnino
1548 1014 1793 1062 consentit
1816 1013 1900 1062 sed

296 1082 602 1130 extrinsecus
629 1079 766 1129 uelut
791 1079 1122 1146 adqui->situs
1148 1080 1337 1130 accedit
1361 1088 1568 1146 propter
1595 1083 1900 1132 consortium

295 1151 502 1208 mediae,
533 1151 612 1200 cui
639 1150 903 1200 concinere
931 1152 1201 1200 consueuit.
1254 1151 1337 1215 qui
1364 1151 1634 1216 adquisitus
1660 1167 1759 1201 uno
1787 1160 1902 1202 tono

297 1238 323 1271 a
349 1220 609 1286 principali
634 1220 977 1285 principalium
1004 1227 1274 1285 separatur,
1304 1235 1429 1285 quae
1454 1222 1739 1288 principalis
1764 1224 1901 1288 prin·
1927 1236 1968 1268 15

298 1291 554 1357 cipalium,
603 1292 716 1356 quia
750 1292 908 1355 prima
952 1293 1003 1340 in
1052 1292 1367 1341 tetrachordo
1414 1292 1727 1348 conlocatur,
1765 1294 1906 1359 quasi

299 1362 553 1412 cuiusdam
580 1363 788 1410 rectoris
826 1376 1007 1410 nomen
1035 1363 1251 1426 accepit;
1289 1361 1668 1428 subprincipalis
1694 1364 1902 1427 denique

299 1433 478 1482 dicitur
501 1471 513 1488 ,
542 1447 668 1497 quae
695 1430 958 1496 principali
991 1431 1210 1481 subiecta
1250 1434 1579 1495 coniungitur.
1656 1434 1901 1497 principa·

298 1502 414 1551 lium
443 1517 564 1552 uero
590 1499 909 1565 ἐναρμόνιος
936 1507 983 1551 et
1007 1500 1362 1565 χρωματικόε,
1403 1517 1549 1567 quam
1577 1517 1668 1551 nos
1695 1504 1775 1552 uix
1803 1504 1902 1552 for-

298 1587 385 1622 san
421 1578 556 1622 recte
595 1571 912 1621 colorabilem
950 1587 1308 1629 memoramuS‚
1362 1578 1410 1622 et
1443 1573 1553 1622 ideo
1587 1573 1684 1622 hoc
1720 1588 1898 1623 nomen
1925 1587 1968 1618 20

299 1644 511 1707 accepit,
549 1644 662 1706 quia
698 1642 825 1691 inter
851 1641 1161 1706 principales*
1189 1641 1381 1692 colores
1418 1641 1584 1692 album
1621 1649 1902 1708 tetrumque

298 1713 533 1778 quicquid
568 1713 870 1762 interiacens
892 1713 1144 1762 inuenitur
1183 1711 1449 1762 colorabile
1477 1713 1620 1763 Graia
1660 1714 1898 1777 significa·

299 1785 429 1833 tione
455 1782 762 1848 perhibetur.
838 1797 955 1846 ergo
984 1783 1299 1833 enarmonius
1326 1783 1656 1833 chromaticus
1691 1785 1904 1847 itemque

299 1855 551 1911 diatonus,
581 1868 727 1917 quam
757 1859 1003 1903 extentam
1031 1854 1263 1910 dicimus,
1302 1853 1479 1903 indicia
1515 1861 1628 1903 sunt
1666 1869 1902 1918 generum

298 1923 597 1974 modulandi.
672 1923 923 1987 multiplex
959 1925 1142 1989 quippe
1188 1923 1616 1973 tetrachordorum
1661 1926 1787 1973 ratio
1833 1925 1903 1973 sic
1927 1936 1969 1968 25

299 1995 538 2044 firmatur.
612 1993 897 2058 principalis
942 2001 1105 2043 autem
1143 1994 1441 2050 mediarum,
1481 1996 1591 2058 quia
1636 1995 1803 2059 prima
1833 2001 1906 2044 est

300 2065 449 2114 medii
482 2065 806 2119 tetrachordi,
845 2063 954 2113 ideo
991 2065 1040 2113 id
1077 2079 1260 2114 nomen
1298 2065 1510 2128 accepit;
1561 2066 1639 2113 cui
1685 2064 1902 2114 subnexa

301 2133 680 2199 subprincipalis
714 2134 988 2183 mediarum
1026 2150 1131 2184 esse
1171 2136 1363 2184 dicitur.
1439 2134 1650 2198 denique
1685 2134 1903 2199 reliquae

299 2212 402 2255 tres
429 2206 502 2254 sui
528 2203 769 2254 similibus
806 2203 1084 2253 oboedierit.
1127 2205 1309 2253 dictum
1344 2219 1463 2253 uero
1502 2204 1596 2252 hoc
1634 2203 1904 2253 tetrachor-

303 2275 418 2324 dum
440 2274 729 2332 mediarum,
757 2276 868 2340 quia
894 2275 945 2323 in
972 2274 1132 2323 medio
1159 2273 1372 2324 locatum
1401 2280 1474 2323 est
1499 2274 1627 2322 inter
1652 2275 1898 2338 principa·
1925 2288 1967 2320 30

417 2461 442 2499 3
475 2460 544 2499 est
565 2459 648 2498 del.
671 2458 714 2497 in
734 2456 776 2496 B
805 2453 822 2509 [Ι
851 2459 875 2497 6
909 2456 1092 2508 quidam
1119 2454 1217 2496 B¹R
1244 2452 1262 2509 Η
1303 2458 1325 2497 7
1356 2457 1520 2496 traitur
1542 2455 1623 2496 BR
1649 2452 1669 2510 Η
1693 2459 1718 2497 9
1749 2457 1903 2499 XVIII

301 2515 452 2556 Bamb.
473 2516 562 2555 393
592 2513 763 2566 uiginti
793 2517 896 2553 octo
920 2513 1004 2552 BD
1051 2510 1070 2566 [l
1126 2514 1177 2552 12
1209 2512 1472 2553 tetracorda
1494 2511 1578 2551 BD
1616 2509 1636 2566 Η
1678 2513 1729 2552 16
1760 2515 1901 2553 tetra-

305 2571 439 2612 cordo
461 2569 569 2610 BD:
591 2571 783 2610 omissam
813 2569 840 2608 h
871 2571 914 2608 in
944 2570 1022 2609 hoc
1051 2581 1142 2612 uoc,
1176 2574 1326 2610 notare
1357 2570 1543 2609 desinam
1569 2566 1588 2620 Η
1620 2569 1671 2608 17
1701 2571 1922 2613 rectores,

302 2625 403 2667 B¹R
451 2624 470 2679 Ι]
524 2627 576 2666 19
613 2622 1036 2675 ΕΝΔΡΜΟΝΙΟΥΕ
1067 2625 1148 2665 BR
1205 2622 1224 2679 ΙΙ
1286 2621 1704 2666 ΚΡΟΜΑΤΙΚΟΥΕ
1737 2623 1821 2664 BR
1868 2622 1886 2677 ΙΙ

305 2695 439 2734 quam
462 2683 500 2722 R
531 2694 648 2734 quae
679 2681 721 2721 B
759 2694 892 2734 quem
922 2682 944 2722 b
983 2678 1003 2734 Η
1042 2684 1096 2722 23
1128 2682 1401 2721 cromaticus
1431 2682 1513 2722 BR
1549 2678 1570 2734 [Ι
1607 2682 1663 2721 24
1692 2680 1904 2721 diatonos

303 2738 384 2779 BR
423 2735 441 2792 Η
480 2738 650 2778 indicio
681 2738 704 2777 b
741 2734 760 2789 Η
804 2750 975 2790 genera
999 2738 1039 2777 B
1068 2737 1089 2778 1
1117 2749 1216 2777 rum
1245 2739 1345 2778 add.
1369 2737 1391 2777 b
1431 2734 1451 2791 Η
1488 2738 1542 2777 27
1574 2739 1703 2776 cuius
1727 2734 1828 2777 B¹R
1867 2734 1885 2789 Η

305 2796 357 2834 29
391 2795 483 2834 suis
515 2794 537 2834 b
559 2791 577 2847 ΙΙ
606 2793 833 2834 similibus
850 2808 880 2846 p
914 2794 1057 2833 simili
1078 2805 1162 2834 usu
1181 2794 1220 2834 R
1241 2799 1282 2834 et
1298 2794 1487 2845 fortasse
1507 2792 1548 2831 B
1578 2792 1754 2832 similes
1777 2792 1858 2832 sub
1881 2806 1905 2832 r

306 2850 481 2890 similes
520 2850 543 2890 b
593 2847 611 2903 Η
650 2850 869 2890 ubedient
894 2848 946 2889 B¹
988 2846 1038 2903 H
