1982 3230
1643 32 1661 37 '¹
1682 32 1686 34 ’
1745 36 1771 50 1⁸,
1815 40 1821 42 >

353 157 460 210 422
640 155 906 198 SCHOLIA
936 157 1000 198 IN
1035 155 1198 199 CAES.
1229 157 1414 200 GERM.
1444 159 1690 202 ARATEA

354 314 461 350 rem
488 300 624 348 situs,
669 296 762 346 hac
791 312 848 346 ex
877 313 1021 347 causa
1047 299 1244 362 petisse,
1274 298 1403 363 quod
1422 301 1664 351 Venerem
1689 303 1794 368 ipse
1823 303 1964 370 [Vul-

357 368 531 434 canus]
552 366 760 416 haberet
780 383 1002 425 uxorem,
1032 369 1169 418 missi
1186 369 1246 418 de
1268 368 1511 419 sideribus
1538 372 1581 420 ei
1602 378 1730 421 esset
1753 374 1962 426 iunctus.

355 439 525 503 Pyrois
561 437 739 487 dicitur
766 453 791 487 a
819 452 907 487 suo
935 439 1134 488 feruore
1161 444 1208 488 et
1235 438 1497 489 celeritate.
1540 439 1806 506 <quartum
1831 444 1966 495 sidus

356 510 588 567 Veneris,
617 508 934 572 Phosphoros
963 508 1128 564 colore
1158 524 1325 567 aureo,
1354 511 1510 559 maior
1537 512 1766 562 omnibus
1791 514 1964 565 sideri-

354 579 460 630 bus.
501 579 936 645 queniHesperum
965 578 1368 643 etPhosphorum
1398 595 1503 630 esse
1524 581 1747 650 dicunt>
1783 590 1856 633 est
1881 598 1966 635 au-

354 655 451 699 tem
475 665 563 714 pes
579 648 618 715 †
642 657 688 698 et
712 654 869 713 caput.
903 650 965 699 ob
989 664 1205 699 amorem
1231 665 1290 699 ex
1309 649 1347 716 †
1369 652 1505 714 apice
1526 654 1689 716 rapuit
1710 658 1884 704 etcum
1907 670 1965 705 eo

355 719 638 769 concubuit.
690 736 746 769 ex
775 719 870 768 hoc
897 719 1031 769 caelo
1054 720 1326 770 honoratus
1354 736 1413 769 ex
1438 723 1658 786 utrisque
1684 724 1786 774 eius
1812 725 1965 788 parti-

355 790 451 839 bus
476 789 890 839 PHOSPHORVS
919 797 966 839 et
990 790 1313 840 HESPERVS
1341 796 1564 840 uocatur.
1611 790 1873 857 <quintum
1898 795 1962 844 si-

354 861 444 909 dus
455 859 810 910 MERCVRIVS
842 860 1065 926 (uocatur
1078 860 1283 926 Stilbon)
1308 866 1381 910 est
1408 862 1603 925 quidem
1627 862 1858 926 pusillum
1880 864 1968 914 sed

354 929 567 980 clarum:
589 931 833 980 Mercurio
851 930 1149 980 adtributum
1170 930 1299 995 quod
1319 932 1360 980 is
1371 932 1506 994 prius
1522 933 1771 983 constituit
1790 933 1964 984 orbem

352 1000 473 1051 caeli
500 1006 548 1051 et
567 1000 816 1051 stellarum
846 1007 894 1050 et
913 1001 1163 1050 horarum.
1205 1000 1359 1050 Stilbo
1382 1008 1587 1051 uocatur
1607 1002 1701 1051 hac
1722 1018 1780 1052 ex
1802 1018 1964 1054 causa.

491 1071 778 1121 Ostenditur
838 1076 1000 1120 autem
1057 1072 1185 1119 inter
1248 1069 1456 1120 circulos
1516 1069 1640 1120 caeli
1702 1087 1830 1122 unus
1879 1075 1965 1138 qui

350 1141 538 1192 lacteus
564 1148 795 1199 uocatur,
836 1141 966 1206 quod
1004 1140 1126 1190 albis
1153 1140 1368 1190 nubibus
1407 1137 1657 1209 [uocatur]
1701 1141 1963 1194 denotetur

350 1214 586 1262 circuitus
613 1213 741 1268 eius,
780 1212 910 1275 quod
936 1211 1057 1261 Iuno
1084 1215 1167 1261 lac
1203 1210 1430 1260 effudisse
1458 1211 1637 1260 dicitur
1663 1227 1774 1262 cum
1801 1213 1962 1264 audis-

347 1289 423 1332 set
448 1282 713 1332 Herculem
747 1281 901 1331 filium
938 1297 1081 1331 suum
1114 1296 1214 1330 non
1241 1282 1402 1346 esse.)
1439 1281 1517 1330 alii
1555 1281 1725 1331 dicunt
1758 1297 1848 1346 per
1875 1283 1962 1333 Sa-

347 1359 550 1402 turnum
586 1353 767 1401 factum
789 1367 909 1415 ‚cum
944 1370 1049 1402 *ποι*
1088 1350 1185 1417 [in]
1223 1350 1435 1414 lapidem
1463 1353 1506 1400 ei
1530 1367 1623 1416 pro
1649 1352 1766 1402 Ioue
1803 1352 1963 1403 attulit

349 1423 515 1472 dicens
541 1423 636 1471 hoc
663 1437 769 1472 esse
800 1420 895 1488 [et]
935 1422 1065 1484 quod
1110 1423 1408 1485 peperisset,
1447 1436 1592 1485 quem
1629 1437 1740 1472 cum
1777 1422 1839 1472 ob
1875 1437 1962 1473 na-

347 1499 509 1542 turam
538 1493 778 1541 Saturnus
804 1507 904 1541 non
924 1492 1151 1541 crederet
1177 1506 1285 1540 eam
1312 1491 1580 1554 peperisse,
1609 1491 1836 1541 mamillis
1863 1492 1962 1543 ela-

349 1565 411 1612 tis
449 1563 749 1627 expressisse
787 1568 834 1611 et
870 1562 1146 1611 ostendisse
1180 1560 1355 1610 lactem
1394 1562 1596 1610 iratam:
1644 1561 1851 1612 effusum
1890 1569 1964 1613 est

347 1632 496 1682 lacte:
539 1633 665 1681 facta
694 1639 766 1681 est
793 1631 965 1681 circuli
991 1631 1088 1680 albi
1114 1632 1319 1696 species.
1972 1655 1982 1688 ς

463 1747 514 1785 12
549 1745 722 1808 Catast.
754 1758 798 1797 p.
830 1744 926 1794 267,
962 1744 1126 1785 15——23

463 1846 485 1884 1
517 1843 627 1884 ficus
659 1845 700 1883 P
724 1840 743 1896 Η
772 1841 1007 1882 Vulcanus
1038 1842 1176 1882 deleui
1207 1838 1213 1894 Ι
1261 1843 1285 1881 2
1313 1854 1396 1893 pro
1427 1842 1557 1882 missi
1583 1843 1818 1895 requiritur
1845 1845 1898 1882 ut

348 1903 373 1942 3
404 1901 591 1953 phyrois
622 1902 762 1940 deleta
791 1897 820 1937 h
851 1898 893 1937 B
914 1895 934 1951 Η
955 1901 1141 1950 quartus
1162 1898 1204 1937 P
1233 1893 1396 1951 lsydus
1426 1898 1468 1937 P
1485 1894 1502 1951 Η
1522 1900 1550 1938 4
1581 1896 1838 1951 Cosphoros
1867 1898 1910 1938 P

350 1969 490 1998 aureo
511 1957 669 2008 scripsi
691 1968 801 1996 auro
823 1955 865 1993 P
892 1956 960 1994 iro
981 1967 1095 1996 corr.
1117 1954 1161 1993 in
1183 1955 1280 1994 airo
1303 1954 1345 1994 B
1372 1950 1393 2007 Η
1419 1953 1659 2005 syderibus
1678 1955 1721 1994 P
1750 1951 1769 2008 Η
1805 1955 1831 1995 5
1853 1953 1962 1996 Cos-

347 2013 539 2066 phorum
559 2015 601 2054 P
625 2009 643 2066 Η
672 2014 756 2052 tale
788 2011 951 2063 aliquid
978 2011 1147 2050 uidetur
1175 2010 1345 2050 subesse
1377 2012 1448 2049 est
1467 2010 1669 2051 Aurorae
1700 2013 1747 2050 et
1768 2009 1964 2064 Cephali

346 2068 481 2109 filius.
507 2070 563 2109 ob
587 2080 784 2109 amorem
800 2066 1052 2119 Aphrodite
1074 2066 1230 2119 rapuit
1249 2069 1375 2107 aliter
1395 2071 1548 2107 narrat
1559 2067 1753 2120 Hyyinus
1764 2080 1810 2119 p.
1823 2068 1907 2107 417
1925 2063 1944 2121 Η

347 2126 373 2164 6
394 2138 475 2176 pes
496 2138 574 2165 om.
597 2125 639 2163 P
655 2121 675 2178 Η
704 2123 853 2176 capud
874 2121 915 2160 B
943 2119 960 2175 Η
990 2122 1296 2175 apyceranuit
1317 2125 1363 2163 et
1383 2121 1426 2160 B
1459 2119 1477 2176 Η
1513 2124 1537 2163 7
1559 2122 1806 2163 honoratus
1828 2123 1962 2164 eaelo

347 2180 389 2221 B
407 2178 428 2234 Η
451 2181 549 2220 eius
569 2181 727 2232 scripsi
747 2180 813 2219 eis
836 2178 878 2217 B
899 2191 977 2218 om.
997 2174 1073 2231 ΡΗ
1099 2179 1125 2218 8
1146 2178 1428 2231 phosphoros
1449 2179 1492 2218 B
1513 2178 1770 2231 Cosphoros
1789 2179 1833 2219 P
1848 2176 1868 2231 ΙΙ
1888 2191 1962 2231 sy-

349 2236 432 2277 dus
460 2238 503 2276 P
528 2234 549 2290 Η
574 2240 768 2276 uocatur
798 2233 991 2275 stilboni
1018 2238 1215 2274 uocatur
1245 2235 1422 2286 quemP
1446 2232 1453 2288 Ι
1493 2237 1518 2275 9
1541 2234 1723 2286 quidem
1743 2233 1964 2287 pusillum

346 2294 505 2345 scripsi
526 2305 657 2344 quem
679 2295 782 2345 post
801 2290 933 2330 illum
953 2290 987 2330 G
1004 2287 1023 2343 Η
1045 2291 1096 2330 10
1119 2289 1441 2330 attributumP
1468 2287 1475 2343 Ι
1495 2290 1567 2329 his
1587 2290 1629 2328 P
1644 2287 1664 2343 Η
1686 2291 1737 2330 12
1759 2289 1966 2339 οεεῢεειιᾶί-7

348 2353 423 2389 tur
446 2352 600 2388 autem
621 2361 751 2402 usque
772 2349 832 2387 ad
844 2349 970 2397 finem
990 2347 1052 2386 bis
1070 2347 1217 2399 posita
1237 2347 1280 2385 in
1294 2346 1326 2386 C
1343 2342 1361 2399 Η
1383 2345 1578 2387 circulos
1599 2358 1676 2386 om.
1695 2342 1846 2397 priore
1868 2348 1960 2388 loco

310 2442 319 2456 ι
347 2405 380 2444 C
399 2402 420 2458 Η
442 2407 493 2446 13
521 2404 708 2444 nibibus
729 2418 799 2456 pr.
822 2406 848 2443 l.
871 2401 926 2443 Ρ1
957 2399 977 2456 Η
1003 2405 1198 2442 uocat-ur
1218 2414 1293 2442 om.
1312 2404 1556 2454 posteriore
1578 2404 1672 2442 loco
1690 2401 1724 2441 G
1799 2402 1852 2442 14
1874 2402 1970 2442 cir--

350 2461 479 2502 culus
497 2474 571 2512 pr.
593 2460 672 2502 AB
693 2457 712 2514 Η
731 2460 808 2499 lac
829 2459 981 2499 addidi
998 2455 1017 2511 Η
1040 2457 1250 2499 effusisse
1270 2472 1339 2510 pr.
1365 2461 1391 2498 l.
1408 2458 1441 2498 G
1456 2454 1478 2512 Η
1498 2456 1728 2497 dicaturB
1790 2458 1960 2498 circum

351 2518 627 2569 audissepr.
650 2519 677 2557 l.
704 2528 791 2556 cun
814 2515 1019 2555 audisset
1039 2520 1150 2566 post.
1174 2516 1199 2554 l.
1224 2513 1266 2553 B
1285 2511 1305 2567 Η
1335 2515 1388 2555 15
1420 2527 1550 2554 suum
1571 2513 1711 2553 filium
1731 2519 1908 2566 utroque
1929 2516 1963 2554 1.7

347 2574 390 2613 Β
410 2571 429 2626 Η
485 2586 531 2613 er
544 2570 790 2612 Saturnum
805 2576 920 2623 post.
943 2570 1016 2613 LO
1036 2583 1121 2622 ope
1144 2573 1333 2610 saturno
1351 2573 1462 2623 pr.l.
1476 2571 1517 2609 P
1535 2582 1666 2622 opem
1687 2571 1873 2610 saturno
1886 2582 1959 2622 pr,

349 2587 477 2682 Ζ.ΒΗ
497 2630 548 2669 16
570 2630 618 2668 in
638 2642 715 2669 om.
738 2633 848 2680 post.
873 2630 897 2668 l.
924 2627 958 2667 C
976 2623 994 2680 Η
1017 2624 1079 2678 ei]
1102 2631 1215 2678 post.
1239 2628 1266 2666 I.
1290 2627 1444 2667 orsoP
1462 2625 1587 2667 orsB
1607 2622 1627 2679 Η
1649 2626 1700 2666 17
1723 2636 1823 2665 esse
1841 2631 1956 2677 post.

350 2688 375 2726 l.
400 2686 441 2724 P
469 2698 524 2725 ea
547 2697 594 2725 se
615 2690 725 2736 post.
748 2687 775 2725 I.
798 2683 840 2723 B
863 2686 934 2723 est
953 2696 1021 2735 pr.
1045 2685 1069 2724 l.
1097 2683 1130 2722 G
1166 2678 1184 2735 Η
1227 2686 1270 2722 et
1291 2695 1367 2723 om.
1387 2688 1501 2734 post.
1525 2683 1552 2721 l.
1573 2681 1607 2721 0
1641 2678 1662 2735 Η
1701 2692 1834 2732 quem
1857 2693 1959 2721 cum

349 2743 508 2793 scripsi
528 2741 649 2793 quiG
665 2738 686 2794 Η
705 2740 761 2781 ob
781 2753 853 2792 pr.
876 2742 900 2780 l.
917 2739 950 2779 G
970 2751 1019 2779 or
1037 2743 1150 2790 post.
1174 2740 1200 2778 l.
1214 2737 1247 2778 0
1265 2734 1285 2792 Η
1307 2739 1358 2778 18
1379 2739 1468 2778 iam
1489 2737 1660 2790 perisse
1677 2749 1750 2788 pr.
1769 2737 1848 2778 l.P
1865 2737 1958 2777 iam

348 2797 583 2850 peperisse
603 2811 674 2849 pr.
699 2799 725 2837 l.
747 2796 790 2836 B
817 2792 837 2849 Η
877 2795 1023 2837 elatus
1053 2808 1123 2847 pr.
1155 2796 1180 2833 ἶ.
1219 2794 1252 2834 C
1285 2791 1305 2848 Η
1346 2796 1397 2835 19
1427 2794 1597 2834 lactem
1617 2792 1784 2832 iratam
1803 2793 1962 2844 scripsi

350 2853 475 2892 lacte
497 2854 662 2893 mirate
687 2853 718 2893 Ο
741 2851 923 2904 (mirata
939 2857 1053 2904 post.
1077 2853 1105 2891 Z.
1127 2850 1321 2890 miratae
1340 2864 1411 2902 pr.
1434 2852 1462 2891 l.
1483 2847 1544 2901 B)
1567 2845 1585 2901 Η
1606 2850 1660 2889 20
1681 2847 1804 2889 lacte
1827 2848 1955 2888 facta

354 2911 423 2948 est
445 2922 521 2949 om.
544 2910 586 2948 P
604 2915 645 2949 et
665 2922 734 2961 pr.
757 2910 783 2948 l.
807 2909 849 2948 B
869 2906 886 2962 Η
910 2906 1093 2948 circulis
1110 2919 1183 2958 pr.
1206 2909 1232 2949 Z.
1254 2906 1297 2946 B
1324 2903 1345 2959 Η
