1982 3230
346 102 416 154 28
697 124 700 130 ·
825 100 1476 193 MARTIANIxCAPELLAE

1882 111 1883 114 ,
1908 111 1931 131 2„
1970 115 1971 118 ,

211 254 292 293 100
352 244 746 309 exiliendumque
767 243 860 293 sibi
881 244 927 292 in
952 258 1182 308 superam
1204 243 1530 308 caelitumque
1549 247 1749 294 sortem.
1777 193 1967 305 deinde}

209 323 323 364 256
353 317 447 380 ipsi
491 314 776 363 sociandum
822 329 929 363 esse
970 312 1201 378 Cyllenie,
1248 330 1394 379 quem
1438 313 1553 364 licet
1593 315 1720 363 miro
1755 309 1965 379 semper?⁴

350 385 533 449 optarit
567 385 758 441 ardore,
786 390 952 433 tamen
986 385 1069 434 uix
1097 399 1208 434 eum
1235 392 1346 448 post
1379 386 1664 434 unctionem
1699 382 1956 448 palaestri-

350 472 457 505 cam
501 460 842 504 recurrentem
879 455 995 504 dum
1038 454 1186 504 flores
1220 457 1325 519 ipsa
1362 455 1651 519 decerperet
1691 454 1954 519 praelectis

349 526 642 590 quibusdam
670 525 982 575 herbusculis
1010 527 1303 589 conspicata.
1365 525 1480 591 quid
1508 525 1640 591 quod
1666 530 1834 574 utrum
1859 525 1977 575 sibi·=

347 596 470 646 haec
492 596 724 659 nuptialis
751 597 1050 645 conduceret
1077 595 1344 660 amplitudo
1371 597 1511 645 anxia
1533 594 1812 645 dubitabat?
1838 610 1961 646 nam.

348 675 482 717 certe
517 667 710 731 mythos
746 668 970 731 poeticae
1005 668 1147 715 etiam
1178 666 1473 716 diuersitatis
1508 665 1705 716 delicias
1739 665 1958 716 Milesias

347 737 674 800 historiasque
726 736 1005 786 mortalium
1069 744 1328 802 postquam
1382 752 1561 802 supera
1611 737 1953 786 conscenderit

346 823 400 857 se
444 811 638 872 penitus
677 809 966 857 amissuram
1002 822 1101 856 non
1143 823 1279 857 cassa
1316 809 1598 871 opinatione
1638 806 1947 857 formidabat.

236 885 314 928 101
347 880 511 943 itaque
537 880 698 942 primo
726 879 1030 927 conducatne
1058 878 1322 928 conubium
1349 884 1494 943 atque
1526 877 1730 927 aetherii
1750 878 1950 928 uerticis

346 950 550 1013 pinnata
575 949 809 1012 rapiditas
844 955 956 1012 apto
992 948 1084 997 sibi
1123 949 1323 998 foedere
1361 948 1615 1013 copuletur
1652 963 1710 996 ex
1748 946 1952 1011 nuptiali

236 1028 315 1068 102
349 1021 665 1083 congruentia
721 1033 928 1068 numero
973 1021 1235 1084 conquirit.
1302 1034 1516 1082 moxque
1578 1033 1756 1067 nomen
1807 1032 1949 1068 suum

346 1089 647 1155 Cylleniique
673 1088 972 1139 uocabulum
997 1118 1068 1125 —
1094 1090 1179 1138 sed
1206 1104 1302 1138 non
1333 1089 1462 1152 quod
1491 1090 1537 1138 ei
1573 1089 1827 1138 dissonans
1853 1088 1962 1139 dis-⁴

346 1167 596 1224 crepantia
623 1163 876 1209 nationum
904 1175 996 1209 1100
1023 1160 1207 1209 diuersi
1234 1161 1450 1224 gentium
1472 1161 1595 1208 ritus
1615 1173 1706 1223 pro
1725 1157 1948 1208 locorum

345 1233 506 1280 causis
542 1230 854 1295 cultibusque
881 1231 1067 1280 finxere
1101 1246 1277 1280 uerum
1313 1229 1431 1279 illud
1466 1229 1598 1294 quod
1632 1230 1852 1279 nascenti
1887 1229 1973 1279 ab.

343 1304 452 1365 ipso
487 1301 604 1350 Ioue
640 1301 829 1350 siderea
862 1302 1229 1364 nuncupatione
1270 1308 1578 1364 compactum
1623 1315 1679 1348 ac
1721 1314 1811 1364 per
1847 1299 1948 1348 sola

340 1372 690 1437 Aegyptiorum
718 1378 994 1420 commenta
1020 1371 1271 1435 uulgatum
1299 1370 1441 1420 fallax
1468 1369 1748 1419 mortalium
1783 1370 1948 1419 curio-

341 1442 456 1491 sitas
499 1446 748 1491 asseuerat
784 1470 853 1478 —
885 1443 935 1490 in
973 1441 1149 1504 digitos
1184 1441 1524 1505 calculumque
1561 1439 1823 1489 distribuit.
1888 1456 1947 1489 ex

343 1528 440 1576 quo
473 1510 667 1561 finalem
703 1513 950 1576 utrimque
984 1511 1198 1561 litteram
1234 1512 1405 1568 sumit,
1446 1526 1570 1575 quae
1606 1513 1799 1559 numeri
1845 1511 1945 1574 pri·

343 1598 478 1632 mum
516 1582 887 1647 perfectumque
912 1584 1178 1632 terminum
1205 1581 1399 1632 claudit.
1459 1581 1636 1630 dehinc
1669 1579 1790 1630 illud
1815 1580 1944 1646 quod
1965 1598 1982 1628 τ.

340 1655 392 1701 10
419 1654 543 1702 fanis
580 1652 807 1702 omnibus
843 1652 1082 1702 soliditate
1109 1652 1281 1702 cubica
1310 1653 1537 1701 dominus
1564 1650 1813 1700 adoratur.
1864 1650 1941 1700 lit·
1953 1664 1962 1669 ·’

341 1729 498 1772 teram
534 1739 752 1788 quoque,
790 1739 938 1788 quam
975 1724 1074 1772 uim
1112 1722 1421 1772 mortalitatis
1458 1736 1680 1770 asserere
1725 1721 1958 1784 prudensss

343 1794 535 1843 Samius
561 1794 847 1850 aestimauit,
875 1795 925 1842 in
950 1793 1113 1844 locum
1134 1794 1411 1858 proximum
1437 1794 1585 1842 sumit
1610 1807 1666 1840 ac
1702 1792 1773 1840 sic
1813 1790 1947 1842 mille

229 1873 311 1914 103
342 1864 539 1914 ducenti
577 1864 747 1913 decem
775 1870 821 1913 et
847 1870 957 1913 octo
986 1865 1182 1913 numeri
1206 1863 1522 1913 refulserunt.
1574 1876 1697 1927 quos
1731 1875 1821 1926 per
1855 1876 1945 1910 00-

341 1936 594 1984 uenariam
627 1933 849 1998 regulam
885 1934 1180 1984 distribuens
1213 1933 1539 1998 minuensque
1574 1947 1663 1996 per
1707 1932 1972 2000 monadesff

342 2004 609 2054 decadibus
653 2004 943 2067 subrogatas
994 2006 1045 2053 in
1093 2006 1291 2054 tertium
1335 2018 1597 2053 numerum
1651 2002 1807 2067 perita
1861 2015 1955 2070 res

229 2085 311 2124 104
341 2076 553 2124 strinxit.
613 2089 756 2123 suum
803 2089 998 2139 quoque
1045 2074 1338 2124 uocabulum
1372 2089 1462 2138 per
1500 2072 1953 2138 septingentosui?

341 2146 462 2208 ginti
487 2149 716 2210 quattuor
740 2159 974 2194 numeros
1001 2144 1293 2208 explicatum
1319 2145 1369 2192 in
1396 2145 1762 2206 quaternarium
1791 2142 1961 2200 1101111,

341 2216 426 2279 qui
450 2220 658 2278 uterque
685 2229 921 2264 numerus
948 2215 1237 2277 congruenti
1273 2213 1515 2262 ambobus
1551 2212 1741 2262 ratione
1777 2213 1940 2275 signa·
1920 2181 1962 2296 mi}

229 2295 311 2336 105
341 2291 437 2334 tur.
491 2300 604 2334 nam
641 2291 688 2334 et
711 2283 852 2349 (ille,
882 2285 1012 2350 quod
1037 2285 1160 2333 ratio
1186 2284 1483 2348 principium
1521 2281 1738 2332 medium
1771 2283 1920 2332 finem
1945 2267 1970 2324 ἰ

342 2370 438 2418 que
465 2355 725 2419 dispensat,
754 2370 847 2418 pro
875 2362 1009 2404 certo
1035 2355 1284 2419 perfectus
1305 2361 1391 2411 est,
1421 2354 1602 2418 quippe
1626 2352 1803 2402 lineam
1829 2353 1923 2402 faci
1942 2407 1943 2410 Ἴ
1961 2367 1969 2381 ⁷

342 2424 476 2475 solus
521 2431 568 2475 et
610 2424 877 2475 solidorum
927 2425 1113 2475 frontes
1156 2427 1496 2474 incunctanter
1533 2422 1764 2473 absoluit.
1827 2437 1891 2472 na
1963 2455 1976 2474 -.—

453 2610 478 2648 2
509 2609 775 2650 sociandum
795 2610 953 2660 scripsi
980 2608 1246 2648 sociandam
1268 2607 1350 2648 BR
1377 2604 1396 2661 Η
1425 2609 1450 2647 3
1482 2605 1653 2647 obtarit
1672 2605 1710 2646 R
1735 2602 1757 2659 ΙΙ
1782 2606 1809 2646 5
1838 2605 1922 2646 her

337 2664 603 2705 buscolisR
640 2662 660 2719 ss
698 2669 906 2705 utrumne
928 2664 952 2704 b
991 2661 1010 2718 Η
1048 2666 1074 2705 8
1107 2663 1437 2704 conscenderet
1453 2661 1555 2702 B¹R
1591 2659 1613 2715 H
1649 2663 1675 2703 9
1707 2661 1925 2706 ammissa.

343 2732 440 2760 ram
460 2719 561 2761 B¹R
597 2717 617 2774 Η
664 2721 882 2762 formidat
902 2719 1003 2760 B¹R
1049 2717 1068 2774 ΙΙ
1118 2722 1167 2758 11
1200 2722 1404 2772 pennata.
1433 2718 1496 2758 bR
1541 2714 1565 2772 Π
1610 2719 1662 2757 21
1693 2717 1893 2769 solydita

344 2776 383 2816 R
418 2773 437 2829 Η
473 2777 638 2819 cubica
658 2791 683 2818 r
706 2778 871 2830 cybica
887 2776 928 2816 B
958 2776 1063 2829 cybi
1085 2789 1139 2816 ac
1162 2777 1199 2815 R
1306 2777 1358 2816 22
1387 2775 1480 2815 uim
1500 2773 1542 2814 B
1573 2774 1776 2824 uimuum
1794 2773 1835 2814 R
1861 2786 1908 2815 ³0

338 2832 398 2882 cf.
422 2833 624 2873 Heinsius
644 2835 687 2873 in
708 2834 852 2873 Burm.
879 2832 998 2875 Ouid.
1021 2832 1098 2884 Ip
1103 2834 1209 2871 .254
1248 2829 1253 2885 Ι
1305 2832 1359 2872 25
1391 2829 1667 2871 dist1ibuens
1688 2843 1764 2872 om
1774 2825 1909 2883 B¹R1

341 2888 395 2927 26
436 2889 730 2945 restrinxitR
778 2886 798 2943 Η
847 2891 899 2931 32
930 2889 1081 2930 fontes
1102 2887 1161 2928 B¹
1210 2885 1228 2942 [Ι
