1982 3230
4 150 6 152 ,
32 168 35 171 ι
69 147 74 149 .
753 110 940 153 LIBER
965 110 1036 152 111
1633 106 1704 160 59

24 211 58 291 ξ’
90 262 142 307 et
187 255 450 313 Oinone,
487 253 655 302 oisus
691 252 838 301 etiam
888 251 1066 301 dicitur
1109 279 1178 288 -
1224 250 1295 299 sic
1339 250 1469 299 enim
1505 255 1704 299 ueteres

40 338 43 341 ·
89 340 264 377 usum
291 325 460 375 dixere
483 351 554 359 ——
578 321 618 369 V
644 327 806 372 autem
833 323 882 371 in
908 321 1177 371 iuvando
1204 326 1253 371 et
1277 321 1418 370 uita.
1469 319 1591 369 haec
1617 318 1702 369 ali·

0 391 6 394 ’
91 394 287 462 quando
321 393 506 444 uocalis
542 394 788 456 geminam
825 390 1060 458 syllabam
1089 391 1205 440 facit
1242 391 1447 456 finitque
1483 390 1701 440 omnium

89 467 327 531 'generum
353 478 535 514 nomen
562 469 614 512 ut
638 463 831 526 frugi,
881 476 1145 511 numerum
1171 460 1340 511 itidem
1371 461 1592 510 omnium
1613 474 1701 524 'ge-

0 574 5 575 ⁷
35 545 72 582 s
89 549 264 586 nerum
291 541 347 584 ut
371 533 627 597 uiginti,
655 534 773 582 item
799 531 955 582 uerba
982 531 1115 580 modi
1150 529 1441 597 <indicatiui
1467 537 1522 580 ut
1547 531 1695 580 noui

89 606 365 662 memini,
402 604 684 668 imperatiui
723 601 838 652 sali
872 602 1041 658 ueni,
1077 601 1255 650 infiniti
1289 600 1561 650 iaculari
1610 600 1701 650 lu-

89 675 267 726 ctari.
331 675 371 725 Ο
407 689 530 724 uero
573 673 733 723 littera
768 671 947 738 quibus
983 670 1239 722 uocalibus
1276 685 1438 735 quaue
1475 686 1534 720 ex
1560 677 1701 734 parte
1731 685 1817 726 237

2 783 4 785 -
33 734 47 749 '
89 745 354 796 cohaereat
398 744 625 809 superius
678 748 1020 792 memoratum.
1123 741 1230 790 finit
1280 746 1444 790 autem
1500 741 1702 790 nomina

31 818 36 859 ἶ
87 814 358 865 masculina
383 820 437 864 ut
463 814 632 871 Cato,
659 813 891 862 feminina
912 818 966 862 ut
990 812 1170 868 Iuno,
1194 826 1458 861 numerum
1482 812 1703 860 omnium

6 891 68 932 ιιο
88 899 326 950 generum
354 890 408 935 ut
433 890 597 940 octo,
636 885 753 933 item
780 882 934 933 uerba
970 883 1128 932 actiua
1173 887 1228 931 ut
1262 887 1445 931 canto
1489 881 1700 937 laudo,

86 955 221 1006 modi
256 955 537 1020 imperatiui
561 960 751 1003 tantum
786 953 935 1002 modo
972 967 1125 1002 unum
1160 952 1265 1002 finit
1308 957 1361 1001 ut
1401 952 1573 1009 cedo,
1614 951 1699 1001 ad·
1732 967 1788 1006 54
1811 965 1846 1006 G

87 1024 315 1075 uerbium
352 1031 407 1075 ut
444 1024 684 1081 suhit0,
720 1024 1137 1088 praepositionem
1172 1028 1228 1071 ut
1262 1036 1388 1086 pro.
1462 1022 1500 1069 V
1536 1027 1701 1071 autem
1734 1037 1816 1077 238

88 1095 249 1145 littera
276 1087 531 1145 uocalihus
569 1093 796 1143 omnibus
831 1094 1098 1159 utrimque
1121 1093 1218 1142 coit
1252 1100 1451 1157 praeter
1489 1091 1529 1141 Ο
1566 1098 1703 1142 ante-

89 1164 258 1215 latum.
318 1164 422 1215 sola
460 1165 604 1214 etiam
639 1165 678 1211 V
716 1165 793 1214 sui
838 1165 1034 1227 generis
1084 1162 1295 1212 litteram
1342 1177 1442 1211 non
1490 1163 1706 1226 geminat

8 1245 68 1279 :15
91 1235 177 1285 sed
213 1235 467 1299 coniungit
502 1239 555 1283 ut
590 1233 819 1296 uulgus
856 1233 1180 1283 Vulcanus.
1222 1229 1355 1280 ¹finit
1391 1231 1624 1281 articulos
1651 1238 1705 1282 ut

88 1312 184 1362 tu,
213 1307 414 1354 nomina
440 1309 616 1354 neutra
644 1309 698 1352 ut
734 1318 890 1367 genu
927 1318 1151 1358 cornu,
1181 1301 1368 1351 nullum
1394 1308 1559 1352 autem
1582 1317 1707 1352 uer-

87 1373 205 1424 bum
246 1374 440 1424 claudit.

229 1458 331 1508 Hac
371 1464 515 1508 tenus
541 1457 602 1507 de
637 1456 910 1507 uocalibuS.
974 1471 1075 1506 non
1104 1458 1233 1506 enim
1261 1456 1455 1506 uocales
1482 1462 1706 1506 astruere
1735 1469 1817 1510 239

88 1527 174 1577 sed
200 1543 371 1577 omnes
396 1528 584 1578 litteras
610 1543 718 1578 sum
746 1529 876 1578 iussa
915 1533 1209 1576 monstrare.
1271 1541 1448 1575 uerum
1488 1525 1704 1593 reliquas

21 1608 78 1658 πο,
90 1612 213 1663 quae
257 1605 493 1648 secuntur
539 1604 867 1647 consonantes
904 1612 1011 1647 esse
1057 1611 1157 1646 non
1194 1595 1398 1646 dubium
1436 1603 1523 1646 est.
1578 1612 1704 1661 quae

87 1670 205 1718 item
231 1667 580 1718 discernuntur
605 1669 656 1716 in
693 1666 1015 1717 semiuocales
1042 1673 1090 1718 et
1117 1673 1292 1716 mutas.
1342 1681 1552 1731 quarum
1591 1683 1702 1716 exe-

89 1752 214 1802 quar
239 1737 555 1805 ratio—>nem
609 1740 789 1802 quippe
815 1738 851 1786 F
879 1736 1056 1794 littera,
1085 1753 1209 1802 quae
1237 1743 1310 1787 est
1334 1735 1702 1786 semiuocalium
1734 1750 1818 1790 240

88 1809 274 1872 prima,
313 1808 435 1858 duas
469 1814 661 1857 tantum
694 1808 841 1857 modo
871 1813 1200 1856 consonantes
1226 1805 1443 1870 praelata
1486 1806 1702 1872 comple-

94 1879 244 1926 ctitur
271 1878 309 1926 L
336 1883 383 1927 et
407 1878 447 1928 R
487 1883 541 1926 ut
567 1878 773 1927 dicimus
809 1877 1020 1927 flauus
1057 1884 1104 1927 et
1138 1878 1319 1941 frugi.
1357 1875 1556 1926 uocales
1582 1892 1703 1927 uero

23 1951 69 1991 96
92 1946 437 2011 complectitur
463 1949 526 1996 ita
554 1953 606 1996 ut
632 1948 651 1996 Ι
680 1953 726 1997 et
751 1947 790 1994 V
816 1946 1014 1997 uocales
1040 1946 1132 1997 sibi
1154 1947 1397 2010 praeferri
1423 1946 1701 2010 prohibeat,

90 2015 279 2066 nullum
303 2023 466 2067 autem
487 2017 667 2067 claudit
685 2018 870 2067 finitiua
892 2031 1188 2066 sermonem.
1227 2017 1266 2066 L
1286 2032 1407 2066 uero
1434 2016 1595 2067 littera
1617 2018 1701 2066 tri·

90 2086 283 2150 pliciter
310 2094 466 2137 sonat.
519 2102 630 2136 nam
661 2087 834 2137 exilem
863 2102 1040 2137 sonum
1075 2087 1241 2137 reddit
1277 2102 1389 2136 cum
1426 2089 1703 2151 geminatur
1734 2101 1815 2139 241

90 2163 142 2206 ut
167 2157 400 2206 sollers
441 2156 797 2215 SallustiuS,
847 2157 1065 2207 medium
1111 2165 1276 2206 autem
1320 2172 1431 2206 cum
1469 2158 1702 2207 terminat
1785 2171 1787 2173 ’

89 2228 356 2277 nominant
376 2243 398 2277 s
410 2227 466 2276 ol
491 2243 512 2277 s
524 2227 603 2283 al,
625 2229 742 2278 item
766 2227 944 2277 leniter
956 2235 1097 2278 sonat
1109 2243 1219 2277 cum
1234 2227 1433 2281 uocales
1446 2229 1699 2278 anteuenit

9 2305 68 2340 ‘³⁰
89 2303 143 2348 ut
177 2296 339 2361 lapis
374 2297 550 2362 lepus
585 2297 750 2347 liber
788 2297 962 2347 locus
997 2297 1288 2354 lucerna,
1334 2297 1538 2362 plenum
1580 2313 1702 2347 uero

90 2381 266 2416 sonum
300 2366 448 2416 habet
486 2383 597 2417 curn
636 2369 679 2417 ei
716 2368 1068 2431 praeferuntur
1105 2367 1278 2420 literae
1313 2368 1350 2418 P
1379 2368 1419 2417 G
1448 2368 1483 2417 C
1509 2368 1546 2416 F
1574 2376 1629 2416 ut
1655 2369 1701 2416 in

90 2435 306 2485 Plauto
347 2436 549 2500 glebis
595 2437 855 2487 Claudio
901 2437 1086 2488 flauo,
1152 2439 1189 2487 L
1234 2445 1398 2488 autem
1433 2452 1705 2502 numquam

90 2505 179 2556 ulli
222 2506 504 2556 semiuocali
543 2506 622 2556 uel
668 2513 831 2557 mutae
875 2509 1213 2573 praeponitur.
1278 2523 1403 2572 quae
1447 2523 1539 2572 pro
1578 2507 1615 2555 D
1653 2507 1704 2555 in

43 2578 51 2585 '
89 2577 454 2640 praepositione
495 2578 733 2640 accipitur
778 2592 889 2626 cum
927 2583 975 2627 et
1019 2579 1055 2627 A
1093 2577 1375 2642 praefertur
1407 2585 1461 2626 ut
1498 2576 1705 2626 allidit

28 2661 72 2696 ⁸5
96 2645 332 2709 alligat.
394 2646 517 2695 haec
554 2649 701 2716 etiam
737 2647 953 2711 praelata
989 2649 1354 2711 praepositione
1390 2654 1618 2697 seruatur
1652 2654 1706 2696 ut

206 2773 229 2811 1
261 2772 428 2813 oinone
450 2771 631 2813 oisusB
661 2785 836 2813 oenone
867 2783 1002 2813 oesus
1023 2773 1061 2813 R
1092 2785 1268 2824 oynone
1292 2785 1429 2824 oysus
1458 2786 1483 2812 ⁷·
1572 2775 1598 2814 6
1630 2772 1707 2813 sili

95 2826 199 2867 B¹D
225 2824 244 2881 ΙΙ
274 2830 324 2868 11
348 2827 479 2869 modo
501 2830 776 2882 imperativo
794 2828 835 2867 B
857 2828 1182 2881 imperatiuoD
1200 2842 1315 2869 corr.
1328 2828 1489 2869 Vonck.
1565 2841 1706 2869 unum

95 2879 196 2923 finit
213 2883 426 2924 Vonckius
446 2884 681 2924 inuenitur
702 2884 786 2924 BD
813 2880 833 2937 H
870 2885 921 2925 18
955 2887 1186 2925 asstruere
1209 2884 1250 2924 B
1288 2881 1306 2938 Η
1343 2886 1395 2926 32
1420 2883 1580 2938 glebus
1602 2885 1640 2925 R
1666 2881 1687 2938 Η
