1982 3230
719 159 909 202 LIBER
939 159 1012 202 111
1086 162 1097 167 ·’
1576 156 1579 159 ’
1607 154 1677 208 65

59 321 115 357 se
141 302 361 370 copulari
399 316 497 351 non
526 306 756 371 possunt,
797 300 987 381 &iecta
1030 299 1120 350 alia
1147 298 1309 349 littera
1347 297 1597 348 socientur
1623 303 1676 347 ut

61 376 111 427 M
148 381 196 426 et
232 374 272 425 N
313 373 429 423 dum
470 370 568 421 non
608 377 784 421 coeant
819 370 980 425 uocali
1019 371 1285 421 accedente
1324 371 1577 419 sociantur
1623 376 1678 418 ut

4 441 15 450 “
61 447 113 496 in
151 444 309 495 amni
347 449 395 492 et
429 457 673 500 somno,
713 435 838 507 quae
887 442 1228 492 iuncturarum
1264 454 1447 504 genera
1477 456 1534 490 ex
1563 439 1674 494 hoc,

9 513 26 520 ’
62 514 192 581 quod
235 515 282 564 in
329 513 505 563 litteris
551 519 820 562 memorata
859 518 988 570 sunt,
1037 517 1368 561 transeantur.
1443 511 1676 559 historica

0 597 184 649 ‚asuero
221 583 300 633 illa
338 585 617 633 coniunctio
656 590 754 639 est,
796 598 906 632 cum
947 597 1005 631 ex
1046 581 1246 638 litteriS,
1300 595 1425 644 quae
1463 583 1593 629 inter
1624 594 1677 629 se

12 703 13 708 ,
61 660 295 723 poterunt
334 653 568 720 copulari,
609 654 867 703 diuersitas
904 652 1038 702 fandi
1074 667 1176 701 non
1215 651 1411 700 easdem
1454 666 1545 700 nec
1592 665 1676 715 pa·

62 741 144 776 res
189 740 397 775 numero
434 726 658 774 sociaret.
734 724 996 772 scribimus
1044 737 1135 772 nos
1174 723 1304 771 enim
1369 722 1677 771 Musarum

61 798 271 863 primam
310 794 543 860 syllabam
583 793 773 844 duabus
798 793 988 851 litteriS‚
1029 794 1203 844 Graeci
1244 791 1413 842 tribus,
1464 789 1679 841 Lucilius

5 864 39 918 ².-
62 868 112 918 in
150 867 314 916 datiuo
353 881 470 915 casu
497 868 534 914 A
574 871 622 915 et
661 865 698 914 E
737 866 990 929 coniungit
1027 864 1198 914 dicens
1236 863 1381 912 ehuic
1419 862 1679 912 Terentiae

0 935 43 1000 ’ρο
65 936 304 987 Orbiliae’
348 934 613 1002 [Licinius]
654 932 683 963 ’ᾗ
710 935 739 966 ’¹‘
765 936 794 968 ’ῖς
829 938 856 966 *
882 937 919 984 Α
961 940 1008 984 et
1041 935 1060 983 1
1110 941 1157 984 et
1207 932 1463 984 Lucretius
1501 931 1679 982 crebro

66 1013 113 1059 et
147 1014 314 1057 noster
360 1007 496 1056 Maro
545 1007 722 1055 aurai
771 1007 978 1069 pictai.
1065 1006 1179 1053 item
1240 1005 1365 1054 duae
1397 1005 1678 1053 iuncturae
1710 1004 1792 1043 267

65 1085 180 1128 sunt
218 1093 330 1127 cum
357 1078 600 1126 sociamus
639 1076 848 1142 syllabas
887 1082 1095 1140 propter
1133 1074 1315 1139 pedem
1354 1073 1433 1124 uel
1461 1088 1677 1129 uersum,

15 1204 20 1206 ,
63 1154 120 1198 ut
167 1148 291 1198 duae
334 1149 383 1196 in
440 1162 535 1196 una
584 1153 788 1211 repente
837 1147 1132 1211 depereant,
1181 1152 1234 1195 ut
1283 1146 1334 1194 in
1381 1144 1679 1209 synaloephe

9 1211 17 1219 “
67 1218 147 1268 uel
186 1234 297 1268 cum
336 1217 526 1267 litterae
566 1217 893 1285 excluduntur
920 1233 946 1266 e
985 1216 1142 1266 uerbo
1180 1222 1235 1265 ut
1273 1217 1319 1264 in
1362 1215 1606 1279 ecthlipsi.

2 1301 46 1339 ιδ
199 1287 301 1337 Hac
323 1294 464 1337 tenus
486 1289 546 1337 de
572 1288 823 1337 iuncturis,
846 1301 978 1336 nunc
998 1287 1058 1336 de
1082 1286 1275 1350 fastigio
1297 1286 1568 1335 uideamus,
1598 1287 1682 1350 qui
1713 1298 1796 1339 268

67 1359 206 1409 loeus
231 1358 359 1423 apud
382 1360 596 1409 Graecos
615 1356 736 1421 περὶ
749 1358 1069 1423 προεψδιῶν
1092 1355 1381 1421 appellatur.
1420 1355 1499 1404 hic
1522 1356 1571 1404 in
1587 1357 1680 1405 tria

64 1429 379 1479 discernitur.
418 1443 515 1478 una
550 1444 773 1493 quaeque
808 1428 938 1477 enim
966 1426 1148 1492 syllaba
1176 1432 1258 1476 aut
1293 1427 1458 1491 grauis
1492 1432 1565 1475 est
1603 1434 1685 1477 aut

67 1505 209 1550 acuta
233 1498 354 1565 <aut
379 1499 694 1549 circumflexa
722 1505 770 1549 et
791 1505 842 1548 ut
870 1497 1001 1547 nulla
1027 1497 1173 1564 [uox]
1201 1499 1306 1547 sine
1334 1496 1493 1547 uocali
1521 1503 1594 1546 est
1620 1498 1682 1547 ita

68 1570 174 1621 sine
199 1575 405 1620 accentu
441 1569 588 1619 nulla.
629 1577 678 1620 et
700 1577 774 1620 est
794 1575 1041 1626 accentuS,
1061 1573 1113 1618 ut
1133 1569 1332 1633 quidam
1357 1574 1679 1633 putauerunt,

4 1640 230 1701 manima
267 1641 406 1689 uocis
445 1647 492 1689 et
529 1641 846 1690 seminarium
898 1641 1136 1696 musiceS‚
1186 1638 1316 1704 quod
1367 1640 1527 1688 omnis
1579 1653 1682 1687 mo-

69 1710 251 1761 dulatio
291 1726 347 1760 ex
388 1711 592 1774 fastigiis
630 1726 808 1760 uocum
846 1712 1186 1774 grauitateque
1207 1711 1522 1773 componitur
1547 1708 1683 1758 ideo-

14 1788 20 1795 '
69 1796 165 1847 que
221 1787 452 1831 accentus
500 1782 639 1845 quasi
683 1781 918 1831 adcantus
956 1780 1114 1829 dictus
1161 1786 1250 1829 est.
1332 1781 1492 1828 omnis
1535 1780 1683 1842 igitur
1713 1778 1797 1820 269

70 1866 167 1902 uox
214 1851 385 1900 Latina
432 1851 636 1915 simplex
671 1852 776 1900 siue
813 1851 1082 1914 composita
1120 1849 1269 1899 habet
1303 1864 1455 1899 unum
1506 1863 1681 1899 sonum

21 1923 26 1926 ’
71 1928 154 1972 aut
178 1928 370 1971 acutum
400 1927 482 1970 aut
508 1920 894 1971 circumflexum.
934 1921 1056 1970 duos
1094 1927 1256 1970 autem
1292 1926 1461 1969 acutos
1498 1926 1580 1969 aut
1605 1920 1678 1968 in·

10 2003 49 2038 τε
72 1991 224 2041 flexos
248 1991 434 2042 habere
461 2007 725 2057 numquam
754 1996 927 2056 potest,
957 1991 1120 2055 grauis
1146 2005 1267 2040 uero
1294 2005 1456 2053 saepe.
1487 1998 1681 2040 acutum

22 2110 29 2117 Ν
71 2061 221 2112 habet
246 2062 294 2111 in
312 2063 480 2126 ‘prima
508 2061 687 2127 syllaba
715 2063 756 2111 si
783 2062 914 2111 dicas
952 2061 1197 2111 Caelius
1232 2062 1281 2109 in
1308 2060 1524 2111 secunda
1553 2059 1682 2111 Sal-

72 2131 295 2183 lustius
320 2133 371 2181 in
398 2134 541 2198 tertia
567 2133 908 2189 Curiatius,
935 2131 1168 2182 inflexum
1205 2132 1320 2180 item
1357 2132 1405 2180 in
1442 2133 1602 2195 prima
1641 2133 1686 2180 si

72 2201 206 2252 dicas
228 2202 357 2253 cael
372 2218 460 2252 um
476 2242 487 2260 ,
509 2201 692 2268 syllaba
713 2209 873 2252 autem
898 2217 1055 2268 paene
1076 2201 1243 2252 ultima
1263 2217 1531 2267 numquam
1553 2203 1686 2251 acui·

70 2277 326 2324 turnatura
361 2274 466 2338 ipsa
492 2273 579 2323 sed
607 2274 908 2337 praecedens
937 2275 1040 2323 eius
1075 2273 1126 2322 id
1153 2279 1226 2323 est
1253 2272 1313 2323 ab
1343 2271 1511 2323 ultima
1540 2273 1684 2323 tertia

0 2354 53 2391 no
74 2344 178 2394 siue
212 2343 379 2393 breuis
423 2345 528 2394 siue
562 2342 707 2409 longa
744 2345 804 2393 sit
842 2350 896 2394 ut
930 2344 1149 2394 Cicero
1194 2342 1457 2393 Caelius.
1530 2342 1686 2393 flexus

23 2481 38 2499 x
74 2421 236 2465 autem
269 2429 419 2464 sonus
468 2415 516 2463 in
551 2429 608 2464 ea
645 2420 832 2464 tantum
867 2414 1015 2464 modo
1065 2413 1249 2479 syllaba
1294 2414 1514 2463 consistit
1562 2428 1687 2477 quae

1710 498 1764 535 60
1783 494 1819 535 G

1708 551 1792 592 26ss

188 2597 215 2636 4
246 2598 546 2637 transeantur
566 2597 608 2636 B
638 2600 880 2637 transeant
911 2598 948 2638 R
996 2595 1015 2651 11
1064 2599 1090 2638 5
1122 2597 1243 2637 inter
1263 2596 1288 2636 b
1319 2596 1367 2636 in
1388 2596 1468 2636 BH
1516 2593 1536 2649 {l
1586 2597 1610 2636 7
1642 2596 1690 2635 in

31 2700 36 2706 ι
76 2658 174 2693 ante
204 2664 393 2694 numero
424 2654 524 2693 add.
549 2653 588 2692 D
628 2649 648 2707 Η
687 2653 878 2694 sociarit
898 2667 922 2693 r
959 2650 979 2706 Η
1019 2656 1044 2694 9
1074 2652 1327 2694 terr-entiae
1359 2652 1442 2693 BR
1480 2649 1499 2705 Η
1541 2653 1592 2692 10
1623 2650 1691 2691 lu·

78 2707 228 2751 ninius
259 2709 298 2750 R
336 2707 520 2750 licinius
551 2709 593 2748 B
631 2710 874 2751 uocabulum
904 2722 962 2751 ex
992 2710 1264 2750 antecedenti
1290 2708 1503 2749 Lucilius
1528 2721 1690 2761 perpe-

47 2816 49 2820 ·
77 2777 170 2805 ram
189 2778 238 2805 re
271 2766 414 2806 etitum
433 2767 585 2807 deleui.
607 2767 778 2807 uidetur
799 2766 906 2806 enim
926 2779 1032 2806 uera
1062 2765 1111 2805 in
1142 2766 1362 2818 genetiuo
1383 2766 1486 2806 sede
1506 2775 1586 2805 sua
1605 2777 1690 2805 mo-

47 2828 49 2830 ’
77 2821 190 2862 uisse
235 2779 269 2874 ff
309 2823 357 2862 11
393 2821 521 2863 aulai
554 2821 592 2862 Β
639 2819 659 2875 ΙΙ
710 2823 762 2863 13
793 2820 1026 2875 synalipte
1058 2821 1100 2861 B
1131 2819 1363 2874 sinaliphe
1397 2822 1433 2861 R
1472 2818 1491 2874 ΙΙ
1533 2821 1584 2860 14
1617 2833 1691 2861 ee—

78 2875 240 2935 thlipsi
258 2877 459 2931 Koppius
490 2878 656 2931 aelipsi
677 2878 719 2918 B
752 2878 931 2931 eclypsi
952 2879 989 2919 R
1015 2874 1035 2931 [l
1074 2878 1124 2918 18
1156 2889 1244 2918 uox
1275 2878 1414 2918 delecti
1451 2875 1470 2930 Η
1509 2878 1563 2918 29
1593 2882 1692 2930 post

79 2931 183 2985 ipsa
211 2934 312 2974 add.
343 2934 530 2976 breuius
550 2936 591 2974 D
624 2932 644 2988 ll

167 3027 438 3060 num-uuus
463 3031 671 3061 cAPELLA
1317 3002 1350 3053 5
