1982 3230
0 0 170 223 Γ
594 114 677 155 DE
707 112 899 155 PRIMO
930 112 1118 154 LIBRO
1427 112 1675 155 XXXXIII

0 239 18 276 f
52 259 102 310 p.
143 240 291 293 137¹.
360 243 613 292 Ianitores
656 246 919 291 terrestres
966 239 1155 306 (Muell.
1183 241 1227 290 II
1263 255 1310 305 p.
1344 237 1444 290 132
1470 241 1564 305 in.)
1614 257 1672 291 ex

0 312 10 326 .·
53 325 263 377 Etrusca
290 325 541 391 disciplina
571 325 901 390 desumpsisse
920 326 1213 375 Martianum
1240 340 1538 391 quamquam
1565 327 1673 376 ueri

51 411 352 461 simillimum
383 418 455 460 est
481 410 762 461 adcuratius
789 409 911 459 nihil
937 410 1134 460 adferre
1162 425 1378 474 possum.

195 495 266 546 De
301 496 535 546 uniuerso
573 495 720 545 huius
758 495 1011 544 diuisionis
1049 493 1253 544 consilio
1292 501 1340 544 et
1373 495 1564 545 ratione
1606 494 1669 544 cf.

53 579 320 632 Muellerus
355 580 398 629 II
432 597 480 646 p.
524 578 640 631 131.
680 585 877 630 transeo
906 594 1038 629 nunc
1065 580 1125 628 ad
1162 596 1218 630 ea
1257 596 1381 645 quae
1417 587 1670 641 secuntur,

51 666 214 715 minus
251 659 470 716 certa'et
506 681 630 730 quae
678 680 702 714 a
741 665 980 714 Martiano
1023 671 1106 714 aut
1143 665 1252 714 ficta
1289 664 1553 714 uideantur
1589 670 1672 713 aut

48 763 177 815 quae
202 750 364 799 minus
390 752 644 815 recognita
674 757 721 799 et
748 750 907 800 cuiuis
935 756 1048 799 nota
1079 765 1186 800 esse
1214 756 1421 814 potuere
1447 754 1670 813 praeter-

50 835 307 884 missurus.
358 836 523 900 itaque
549 852 596 900 p.
630 833 710 892 19,
744 833 807 884 13
835 835 1119 900 depingitur
1145 835 1365 899 Iuppiter
1399 835 1464 883 ita
1492 840 1546 883 ut
1572 834 1667 882 iam

3 903 6 907 ⁸
49 917 313 970 Vulcanius
363 920 637 969 rectissime
688 920 858 969 mundi
910 921 1133 969 uniuersi
1181 921 1231 967 in
1285 936 1342 969 eo
1403 920 1670 983 imaginem

46 1004 310 1067 agnouisse
354 1004 597 1054 uideatur.
672 1011 774 1054 tota
821 1006 1074 1054 exornatio
1121 1012 1240 1068 puto
1284 1004 1524 1053 Martiano
1577 1003 1671 1067 ipsi

49 1086 259 1138 debetur
302 1089 386 1138 sed
424 1105 531 1139 rem
567 1089 699 1139 unde
738 1089 1066 1154 desumpserit
1100 1104 1247 1138 nemo
1294 1088 1535 1138 dubitauit
1575 1087 1669 1137 hoc

49 1172 308 1237 Augustini
343 1172 403 1222 de
441 1175 533 1223 ciu.
572 1175 651 1224 dei
691 1173 862 1239 (v116)
915 1173 1024 1223 loco
1075 1175 1296 1238 inspecto
1350 1173 1498 1222 ‘dicit
1550 1187 1668 1236 ergo

48 1256 180 1307 idem
235 1259 404 1308 Varro
454 1258 613 1308 adhuc
659 1259 718 1307 de
770 1258 983 1308 naturali
1027 1257 1271 1321 theologia
1316 1256 1669 1321 praeloquens,

47 1341 195 1392 deum
233 1355 286 1391 se
323 1341 555 1391 arbitrari
592 1358 698 1392 esse
734 1344 944 1392 animam
982 1342 1153 1391 mundi
1190 1357 1339 1406 quem
1368 1341 1543 1391 Graeci
1579 1355 1668 1389 uo-

48 1430 162 1476 cant
187 1422 410 1489 κόεμον,
452 1432 500 1476 et
533 1429 668 1478 laune
694 1431 854 1491 ipsum
879 1429 1120 1478 mundum
1155 1442 1260 1478 esse
1286 1429 1469 1477 deum’.
1534 1426 1668 1475 simi-

46 1509 158 1561 liter
184 1512 338 1560 Varro
365 1513 415 1561 in
442 1512 654 1562 Curione
693 1513 828 1577 (Aug.
860 1513 919 1562 de
947 1514 1042 1562 ciu.
1073 1512 1150 1561 dei
1177 1511 1258 1561 VII
1286 1508 1334 1561 9.
1377 1511 1667 1560 Krahnerus

45 1596 282 1646 Varronis
320 1595 466 1646 Curio
502 1611 549 1660 p.
583 1594 628 1661 1)
665 1600 839 1648 Iouem
875 1635 887 1647 .
916 1634 930 1648 .
969 1612 1074 1647 esse
1107 1599 1348 1647 mundum
1396 1595 1666 1645 contende-

45 1687 138 1731 rat.
178 1710 248 1717 —
286 1681 465 1731 deinde
504 1696 551 1745 p.
583 1679 663 1738 19,
691 1679 758 1732 27
789 1699 860 1748 sq.
899 1682 1137 1732 Iunonem
1165 1682 1384 1747 depingit
1409 1682 1475 1730 ita
1502 1688 1667 1730 tamen

45 1771 100 1816 ut
123 1767 174 1815 in
202 1781 257 1816 ea
283 1781 336 1816 se
349 1765 516 1815 Iouem
546 1780 637 1829 pro
665 1767 849 1816 mundo
877 1768 1127 1831 accepisse
1154 1765 1335 1815 oblitus
1362 1780 1470 1815 esse
1497 1765 1667 1815 uidea-

45 1855 152 1899 tur:
193 1865 305 1900 cum
343 1852 471 1900 enim
509 1850 626 1899 dicit
666 1851 849 1914 ‘ipsius
888 1866 1010 1900 uero
1048 1851 1192 1900 diuae
1228 1850 1396 1900 uultus
1432 1849 1666 1899 adsiduae

11 1959 14 1963 ·
45 1933 309 1999 perlucens
334 1936 545 1998 gratiae,
586 1934 727 1984 fratri
755 1935 1024 1985 consimilis
1051 1936 1144 1985 nisi
1173 1934 1302 1998 quod
1333 1933 1412 1984 ille
1450 1936 1663 1984 inmuta-

45 2018 132 2068 bili
166 2017 347 2068 laetitia
381 2018 663 2077 renidebat,
721 2019 843 2069 haec
884 2021 1308 2070 conmutationum
1345 2018 1665 2068 adsiduarum

44 2102 215 2154 nubilo
252 2103 475 2153 crebrius
512 2102 881 2154 turbidabatur'
918 2110 1054 2169 patet
1091 2103 1323 2154 hocloco
1358 2119 1561 2154 rursum
1587 2104 1663 2153 Io-

45 2202 157 2238 uem
184 2188 451 2245 aetherem,
480 2187 717 2238 Iunonem
744 2193 860 2238 aera
886 2189 1178 2253 significare.

185 2272 373 2323 Deinde
399 2272 664 2322 admodum
691 2273 1026 2323 memorabilis
1054 2279 1126 2323 est
1151 2272 1289 2323 locus
1315 2289 1362 2338 p.
1385 2270 1471 2329 520,
1499 2270 1570 2323 20
1594 2301 1667 2311 —-

43 2353 128 2416 21,
155 2354 204 2407 3.
256 2356 378 2406 haec
406 2357 535 2407 enim
562 2364 730 2422 patent
766 2374 790 2407 a
818 2357 1011 2423 Koppio
1047 2374 1225 2422 parum
1260 2363 1397 2408 recte
1434 2357 1494 2406 ad
1529 2357 1664 2406 idea-

44 2455 154 2490 rum
168 2440 528 2491 Platonicarum
556 2441 838 2507 exemplum
865 2444 1170 2493 conformata
1197 2443 1309 2500 dici,
1340 2457 1438 2506 quo
1466 2441 1547 2491 uel
1574 2442 1663 2490 mi-

44 2539 139 2576 nus
172 2525 485 2590 probandum
524 2526 656 2590 quod
694 2530 912 2578 colorem
937 2528 1231 2578 Martianum
1269 2529 1459 2577 dixisse
1495 2532 1664 2575 censet

45 2624 107 2659 ex
143 2609 315 2675 clypeo
351 2609 554 2660 Vulcani
579 2611 868 2662 Homerico:
911 2628 1002 2678 ego
1030 2613 1187 2663 cuiuis
1223 2614 1402 2677 opinor
1439 2612 1487 2659 in
1524 2624 1662 2659 men-

44 2698 143 2743 tem
170 2695 336 2744 ueniet
363 2695 443 2744 oui
469 2694 671 2761 Orphici
699 2697 830 2760 quod
856 2697 1124 2748 Martianus
1150 2699 1201 2746 in
1229 2694 1554 2746 describenda
1581 2693 1663 2744 illa

10 2772 11 2775 '
44 2777 256 2843 sphaera
290 2780 506 2830 imitatus
543 2786 638 2838 est;
679 2796 792 2831 nam
830 2798 976 2847 quem
1006 2781 1209 2845 Orphici
1245 2782 1293 2830 in
1331 2795 1427 2829 ouo
1466 2778 1550 2828 illo
1589 2780 1662 2828 in-

45 2875 153 2912 esse
179 2862 446 2915 uoluerunt
471 2870 628 2915 totum
656 2866 897 2916 mundum
923 2865 1054 2918 κατὰ
1082 2863 1306 2930 δύναμιν
1336 2872 1389 2916 ut
1414 2866 1479 2914 ita
1500 2865 1662 2915 dicam
