1982 3230
297 144 407 199 256
782 146 1080 188 MARTIANI
1111 146 1428 210 CAPELLAE

718 285 921 350 liliaque
948 287 1028 335 det
1053 286 1278 351 papillae.

715 370 780 405 ne
807 371 939 405 nunc
964 372 1110 407 sensu
1135 357 1307 420 iugalis

715 426 841 475 ferat
866 427 1055 490 pudore
1079 442 1296 477 morsum

717 502 766 545 et
791 495 929 545 uulsa
956 497 1081 546 fellis
1108 505 1213 547 atro

717 565 907 615 laceros
934 569 1095 616 trahat
1121 567 1358 632 capillos.'
1734 562 1738 570 ⁴
1952 585 1975 618 ⁵

182 652 275 691 727
309 652 404 702 quo
431 636 561 685 dicto
580 634 847 700 <renidens
874 643 922 686 et
946 637 1056 719 plus
1091 653 1162 687 so
1150 638 1232 687 'ito
1259 629 1431 689 laetior
1459 639 1690 704 Voluptas
1727 639 1787 688 ad
1813 641 1905 688 Ve-

307 722 478 756 nerem
504 720 731 769 regressa
760 714 934 756 cuncta
962 710 1065 757 eius
1092 709 1294 758 auribus
1318 711 1575 759 intimauit.
1638 724 1761 774 quae
1788 708 1907 758 deli-

309 779 440 826 ciosa
477 775 678 825 mollitie
706 782 753 825 et
787 778 1178 843 interrumpente
1205 795 1355 842 genas
1389 779 1574 829 rubore
1601 794 1757 843 paene
1791 794 1908 844 pro-

308 847 430 896 didit
455 852 704 896 susurrata
730 853 947 912 tuncque
984 849 1262 899 marcidulis
1288 850 1521 900 decenter
1547 858 1687 914 paeta
1714 849 1908 898 lumini-

307 917 400 965 bus
438 917 743 980 Maiugenam
779 920 1056 982 conspicata
1092 919 1302 982 quodam
1341 927 1538 985 aspectu
1577 919 1905 982 promittentis
1929 935 1973 967 10

306 986 491 1043 inlexit,
520 1002 666 1050 quam
695 987 920 1036 Saturnia
948 988 1008 1037 de
1033 990 1311 1054 propinquo
1338 991 1473 1039 uelut
1498 989 1909 1053 deprehendentis

185 1072 277 1111 '5728
310 1056 576 1120 castigabat
611 1056 879 1106 obtutibus.
955 1073 1079 1121 quae
1117 1060 1233 1108 dum
1269 1067 1508 1122 geruntur
1543 1059 1746 1116 Paedia,
1785 1074 1909 1123 quae

310 1142 505 1191 egressa
535 1127 745 1184 dudum,
775 1143 885 1177 cum
913 1128 1003 1178 alia
1031 1129 1210 1178 semina
1247 1132 1361 1178 miri
1387 1130 1580 1178 decoris
1618 1129 1909 1192 ingreditur,

303 1200 385 1247 cui
428 1197 668 1261 quaedam
717 1200 943 1248 maiestas
988 1199 1319 1249 nobilissimae
1363 1200 1622 1249 uetustatis
1668 1203 1716 1248 et
1759 1199 1911 1263 ipsius

305 1269 546 1317 Tonantis
582 1267 826 1318 natalibus
862 1275 1071 1332 ortuque
1108 1269 1409 1333 praecelsior
1452 1269 1616 1318 uultus
1650 1270 1802 1332 ipsius
1835 1267 1909 1318 lu·
1933 1282 1975 1315 15

308 1339 439 1387 mine
477 1337 748 1386 renidebat.
825 1354 950 1402 quae
978 1341 1119 1388 etiam
1148 1339 1396 1389 miraculis
1423 1339 1711 1404 quibusdam
1741 1338 1912 1402 capitis

308 1407 585 1457 reuerenda
612 1407 886 1457 uidebatur.
927 1424 1039 1457 nam
1068 1411 1227 1472 primo
1250 1426 1275 1458 a
1304 1411 1464 1458 fronte
1491 1425 1589 1458 uno
1617 1409 1699 1458 sed
1729 1410 1808 1458 uix
1834 1408 1909 1456 in·

309 1477 564 1540 tellegibili
598 1478 737 1526 radio
765 1478 1073 1535 candicahat,
1115 1495 1174 1528 ex
1201 1495 1297 1544 quo
1334 1481 1450 1528 item
1487 1479 1608 1528 alter
1647 1492 1910 1542 erumpens

311 1547 558 1614 quadam>
579 1563 638 1596 ex
659 1549 817 1611 primo
844 1548 970 1598 linea
993 1549 1254 1599 defluebat.
1295 1550 1470 1598 dehinc
1497 1551 1671 1598 tertius
1697 1555 1744 1597 et
1764 1563 1909 1612 quar-

309 1624 387 1666 tus
423 1624 628 1681 tumque
663 1620 806 1667 etiam
842 1634 1002 1668 nonus
1029 1619 1407 1683 decuriatusque
1443 1620 1630 1683 primus
1664 1618 1908 1667 honorum
1933 1631 1975 1663 ⁴20

310 1688 743 1752 reuerendumque
793 1690 1031 1738 uerticem
1081 1689 1240 1752 duplis
1289 1688 1543 1753 triplisque
1593 1686 1913 1737 uarietatibus

312 1757 630 1807 circulabant.
706 1759 791 1807 sed
842 1759 1193 1808 innumerabili
1241 1760 1406 1808 radios
1447 1757 1751 1808 multitudine
1795 1771 1909 1822 pro-

311 1834 598 1891 rumpentes
623 1829 674 1876 in
714 1844 867 1878 unum
895 1829 1055 1878 denuo
1092 1836 1314 1879 tenuatos
1348 1830 1484 1878 miris
1510 1827 1798 1892 quibusdam
1827 1826 1909 1875 de-

198 1910 280 1951 '729
310 1898 520 1948 fectibus
557 1899 891 1948 contrahebat.
956 1900 1101 1948 huius
1127 1907 1291 1950 autem
1326 1899 1645 1963 multiplicem
1681 1896 1910 1962 plurifor-

311 1984 541 2032 memque
575 1975 763 2018 uestem
801 1969 1047 2033 quoddam
1091 1970 1342 2027 uelamen,
1383 1986 1478 2033 quo
1515 1970 1663 2018 totius
1709 1972 1911 2016 naturae
1932 1978 1976 2011 25

312 2053 464 2102 opera
502 2038 810 2101 tegebantur,
848 2039 1115 2089 abdiderat.
1182 2040 1316 2103 digiti
1351 2055 1471 2088 uero
1508 2039 1712 2101 uirginis
1738 2051 1911 2086 recur-

312 2114 475 2157 santes
501 2113 549 2156 et
575 2108 782 2171 quadam
811 2109 1250 2172 incomprehensae
1277 2108 1559 2158 mobilitatis
1586 2107 1911 2170 scaturrigine

314 2177 636 2227 uermiculati.
702 2193 829 2242 quae
863 2195 978 2227 mox
1015 2182 1239 2242 ingressa
1286 2180 1621 2243 septingentos
1656 2178 1827 2226 decem
1864 2180 1913 2223 et

155 2257 295 2299 2376
317 2254 504 2311 septem
539 2263 774 2297 numeros
809 2248 1093 2312 conplicatis
1127 2250 1177 2297 in
1215 2264 1298 2298 eos
1333 2249 1492 2310 digitis
1526 2248 1692 2295 Iouem
1728 2245 1906 2295 saluta-

314 2317 478 2366 bunda
514 2317 746 2367 subrexit.
811 2325 914 2368 tum
941 2318 1252 2383 Philosophia
1291 2324 1345 2367 ut
1370 2317 1670 2367 Tritonidem
1706 2319 1909 2380 propter
1931 2328 1976 2360 30

428 2502 454 2540 2
498 2500 617 2542 NEC
639 2501 749 2541 Rne
770 2500 813 2539 B
830 2514 951 2541 nunc
971 2503 1071 2543 add.
1096 2502 1166 2542 br
1177 2498 1198 2555 Η
1232 2513 1370 2541 sensu
1399 2501 1558 2551 scripsi
1583 2509 1742 2538 sensus
1766 2495 1847 2535 BR

315 2559 342 2596 3
377 2556 515 2597 ferat
537 2557 706 2609 pudore
744 2570 939 2598 morsum
982 2559 1141 2610 scripsi
1184 2557 1345 2601 feralis
1377 2569 1485 2596 cura
1523 2565 1718 2595 morsum
1746 2551 1828 2591 BR

318 2614 342 2651 7
379 2611 596 2653 delitiosa
635 2612 719 2652 BD
767 2609 798 2667 ΙΙ
853 2616 878 2654 9
938 2617 1049 2667 peta.
1068 2613 1152 2653 BD
1190 2616 1329 2666 poeta
1369 2613 1391 2652 h
1451 2609 1471 2665 ss
1525 2613 1576 2651 10
1617 2607 1911 2666 conspicatur

317 2666 420 2708 B¹D
468 2666 487 2723 Η
535 2671 585 2708 11
633 2668 686 2709 de
723 2670 1016 2710 rehendentis
1060 2671 1101 2709 D
1151 2668 1208 2709 de
1247 2668 1483 2722 prudentis
1518 2665 1560 2705 B
1617 2663 1667 2705 al
1711 2659 1911 2716 dephen-

317 2724 467 2765 dentis
497 2727 597 2766 add.
620 2726 643 2765 b
681 2683 718 2778 [f
749 2726 888 2778 pedia
915 2725 957 2764 B
986 2725 1154 2779 poedia
1174 2726 1214 2765 D
1263 2721 1281 2778 ΙΙ
1333 2726 1384 2764 16
1417 2724 1461 2763 ei
1488 2723 1582 2762 iam
1611 2721 1634 2760 b
1682 2716 1702 2772 Π
1749 2720 1804 2759 20
1834 2717 1913 2758 de-

319 2781 608 2834 coriatusque
640 2781 663 2821 b
712 2778 732 2835 [Ι
778 2783 830 2822 21
862 2781 1059 2834 duplicis
1088 2779 1148 2821 B¹
1196 2779 1216 2834 Η
1264 2782 1319 2821 24
1340 2773 1700 2889 ¹ematrmbat153¹
1746 2771 1766 2828 ss
1810 2773 1909 2826 plu-

249 2878 252 2879 ⁷
317 2837 704 2889 rimiformemque
725 2837 768 2877 B
806 2834 826 2891 [l
863 2839 918 2878 27
947 2837 1208 2878 nouilitatis
1228 2833 1448 2890 B¹128
1479 2831 1785 2885 septingentis
1812 2829 1836 2870 b
1872 2825 1896 2938 ῃ

318 2892 371 2931 29
404 2894 603 2934 numeris
634 2893 658 2933 b
685 2890 705 2947 Ι]
745 2894 844 2934 eius
873 2907 899 2933 r
923 2890 944 2948 Η
969 2896 1024 2935 30
1054 2893 1250 2934 surrexit
1278 2833 1347 2931 B¹¹
1365 2887 1386 2945 ss
1413 2888 1681 2930 tritonidam
1702 2899 1815 2928 corr.
1824 2898 1855 2938 p
