1982 3230
289 121 396 174 230
769 119 1069 161 MARTIANI
1100 118 1421 173 OAPELLAE
1768 161 1773 166 ,
1930 0 1982 191 '¹4

138 249 273 290 2166
293 261 419 311 ultra
446 263 603 325 ipsum
633 260 693 309 ad
721 275 952 309 occasum
989 259 1102 309 litus
1129 275 1218 325 per
1245 260 1601 325 quadringenta
1626 260 1891 324 nonaginta
1971 241 1982 299 s

177 305 261 354 668
292 348 377 382 sex
403 331 532 379 milia
559 330 708 380 saltus
735 330 850 380 seris
875 329 1070 396 Lybicis
1096 332 1338 394 occupati.
1413 345 1505 380 nec
1531 330 1795 394 plurimum
1820 332 1891 380 di-

174 973 257 1014 669

291 406 422 450 stant
447 408 633 464 septem
664 407 870 456 montes,
900 402 982 464 qui
1008 400 1250 464 parilitate
1283 402 1550 451 cacuminis
1575 400 1754 450 fratres
1779 406 1893 451 sunt

290 469 534 534 appellati,
564 471 650 520 sed
679 470 1002 520 elefantorum
1031 470 1176 533 pleni,
1206 486 1262 519 ac
1286 477 1401 520 sunt
1427 470 1554 520 ultra
1582 471 1891 534 prouinciam

289 541 627 604 Tingitanam,
666 542 805 590 cuius
838 540 1092 608 longitudo
1131 548 1325 590 centum
1363 543 1670 605 septuaginta
1704 540 1891 590 milium
1935 550 1957 584 ⁵

290 616 383 660 est.
423 611 539 660 item
569 611 682 673 Siga
709 611 945 675 oppidum
973 627 999 660 e
1025 612 1228 675 regione
1253 610 1488 660 Malacam
1517 610 1691 660 urbem
1718 611 1892 675 Hispa-

287 682 399 730 niae
435 680 811 745 contemplatur.
885 682 935 729 in
972 680 1114 730 litore
1141 697 1335 746 quoque
1364 682 1602 738 Cartenna
1638 681 1893 746 maiusque

289 750 560 817 oppidum>
587 751 840 801 Caesarea.
902 753 1019 801 item
1045 751 1252 801 Icosium
1281 767 1434 816 aeque
1463 751 1716 800 coloniam.
1773 752 1892 800 item

287 820 569 884 Rusgoniae
597 822 956 878 etRusucuruS‚
983 820 1155 871 Saldae
1183 823 1324 871 etiam
1354 830 1643 886 ceteraeque
1669 822 1892 870 ciuitates

289 898 436 955 atque
471 890 645 954 Igilgili
681 890 1015 941 Tubusubtus.
1088 891 1271 941 flumen
1316 907 1436 941 uero
1473 893 1712 956 Ampsaga
1753 890 1891 940 abest
1915 900 1955 933 10

290 976 313 1009 a
352 961 590 1010 Caesarea
627 963 861 1011 trecentis
897 963 1071 1024 uiginti
1119 961 1311 1010 duobus
1350 961 1560 1011 milibus,
1636 963 1890 1025 utriusque

288 1032 609 1081 Mauritaniae
634 1031 888 1094 longitudo
916 1032 1079 1081 decies
1113 1033 1314 1095 triginta
1350 1039 1461 1080 octo
1489 1030 1647 1086 milia,
1683 1030 1890 1080 latitudo

287 1102 644 1166 quadringenta
697 1103 946 1164 sexaginta
999 1107 1202 1165 septem.
1281 1100 1340 1150 ab
1389 1103 1629 1164 Ampsaga
1663 1099 1891 1150 Numidia

288 1178 364 1221 est
382 1173 582 1220 nomine
602 1174 908 1222 Masinissae
932 1171 1191 1220 celebrata.
1233 1171 1470 1220 Numidae
1491 1170 1735 1220 Nomades
1761 1170 1891 1219 dicti.

288 1243 426 1290 cuius
452 1243 498 1290 in
537 1242 908 1291 mediterraneis
936 1241 1127 1290 colonia
1155 1241 1310 1297 Cirta,
1346 1242 1553 1290 interius
1580 1240 1719 1289 Sicca
1746 1247 1892 1305 atque
1914 1253 1955 1287 15

287 1311 427 1360 Bulla
454 1314 605 1375 regia.
671 1313 720 1360 in
748 1327 833 1360 ora
860 1327 980 1360 uero
1008 1311 1165 1360 litoris
1191 1311 1352 1375 Hippo
1379 1313 1544 1375 regius
1570 1325 1625 1359 ac
1652 1309 1889 1359 Tabraca.
1927 1307 1930 1310 ’

286 1382 492 1430 interius
536 1383 798 1443 Zeugitana
844 1383 1004 1443 regi0,
1051 1397 1175 1446 quae
1218 1383 1417 1444 proprie
1462 1387 1668 1430 uocatur
1710 1381 1888 1436 Africa,

286 1450 436 1501 habet
472 1452 594 1500 haec
632 1451 722 1500 tria
761 1452 1127 1514 promunturia:
1173 1449 1407 1513 Apollinis
1433 1451 1696 1499 aduersum
1723 1449 1889 1500 Sardi-

287 1522 443 1577 niam,
470 1521 702 1570 Mercurii
748 1527 1034 1584 respectans
1060 1519 1297 1577 Siciliam‚
1344 1534 1468 1586 quae
1507 1522 1558 1568 in
1585 1519 1735 1569 altum
1772 1534 1888 1584 pro-

287 1593 534 1640 currentia
563 1591 686 1640 duos
713 1590 930 1639 efficiunt
955 1592 1104 1648 sinuS,
1126 1593 1495 1652 Hipponensem
1506 1593 1799 1652 proximum
1826 1589 1887 1639 ab
1911 1601 1953 1634 20

398 1774 422 1822 ξ
453 1773 536 1813 668
568 1785 622 1812 ex
653 1772 810 1813 Solino
841 1786 885 1825 p.
920 1774 1014 1824 124,
1040 1774 1147 1813 1-3
1181 1776 1226 1812 et
1257 1774 1421 1814 20-21
1455 1776 1500 1813 et
1530 1770 1680 1813 Plinio
1703 1772 1744 1813 V
1765 1773 1817 1812 17
1841 1774 1887 1812 et

287 1830 451 1869 19—21
500 1825 521 1882 [I
570 1829 594 1877 ἓ
625 1830 706 1869 669
739 1842 794 1869 ex
815 1829 967 1869 Plinio
989 1829 1029 1869 V
1050 1830 1102 1869 21
1127 1833 1239 1869 extr.
1268 1831 1382 1870 -24

401 2000 423 2038 1
455 1998 712 2049 nonaginta
745 1997 1016 2050 (nonoginta
1046 2002 1145 2036 ante
1172 1995 1309 2047 corr.)
1341 2009 1421 2037 sex
1452 1996 1493 2036 B
1524 1997 1717 2038 LXXVI
1746 1996 1813 2036 bD
1851 1993 1871 2048 ΙΙ

285 2057 310 2094 2
350 2054 505 2094 libicis
535 2053 617 2093 BR
673 2049 692 2106 Η
747 2055 772 2093 3
833 2065 860 2091 a
891 2053 1129 2104 parilitate
1168 2053 1287 2092 Vulc.
1326 2053 1565 2105 parilitate
1613 2052 1636 2092 b
1684 2052 1887 2105 paritate

286 2110 371 2150 BD
410 2106 431 2162 ΙΙ
477 2110 503 2149 5
533 2108 831 2160 tingitaniam
851 2110 891 2148 D
930 2105 949 2161 Η
987 2110 1012 2148 6
1042 2108 1270 2148 malacam
1300 2109 1323 2148 b
1356 2109 1535 2149 alaeam
1566 2108 1607 2148 B
1638 2108 1889 2148 malacram

285 2167 326 2205 D
362 2161 385 2219 ss
422 2165 637 2217 ispaniae
658 2162 717 2203 Βι
757 2160 776 2218 {l
817 2166 840 2204 7
874 2172 1098 2203 cartenna
1118 2165 1284 2203 Plinius
1312 2165 1426 2204 V20
1454 2167 1511 2206 in.
1534 2171 1576 2204 et
1606 2166 1747 2204 titulus
1771 2164 1888 2204 Hen-

285 2223 380 2261 zeni
406 2222 530 2261 5334
563 2231 810 2260 carmenna
829 2219 872 2259 B
905 2232 1138 2259 carneuna
1170 2219 1193 2258 b
1224 2222 1475 2259 carnennia
1497 2222 1537 2259 D
1574 2216 1595 2272 Π
1642 2221 1668 2259 9
1698 2231 1888 2272 rusogo-

286 2278 392 2317 niae
415 2276 479 2316 bR
514 2276 537 2330 Π
577 2287 851 2316 rusuceurus
871 2275 954 2315 BR
985 2287 1252 2315 rusucurrus
1283 2275 1306 2315 b
1346 2272 1365 2329 ΙΙ
1405 2275 1542 2315 Salde
1565 2276 1728 2315 Plinius
1749 2274 1885 2315 aldae

284 2333 367 2373 BR
413 2329 433 2386 Η
481 2334 602 2373 etiae
632 2333 670 2372 R
697 2336 753 2380 et,
786 2337 831 2371 ut
858 2333 1027 2371 uidetur
1053 2344 1167 2373 corr.
1200 2335 1243 2371 in
1273 2332 1434 2377 etiam,
1465 2331 1508 2371 B
1556 2327 1575 2384 ss
1626 2332 1678 2371 10
1708 2330 1888 2384 Igilgili

285 2390 448 2429 Plinius
478 2387 626 2441 igibgi
647 2387 688 2428 B
718 2387 855 2440 igilgi
875 2387 913 2427 R
961 2383 981 2440 ΙΙ
1029 2387 1324 2439 Tubusuptus
1346 2388 1509 2428 Plinius
1539 2393 1579 2427 et
1599 2386 1703 2426 Itin.
1726 2388 1885 2427 Aulon.

283 2459 330 2497 p.
357 2447 414 2485 32
438 2450 479 2484 et
503 2447 559 2485 39
580 2445 651 2485 W.
683 2443 936 2484 tubusubtu
955 2442 1038 2483 BR
1076 2440 1095 2496 [Ι
1144 2446 1190 2484 et
1210 2444 1410 2484 Rusarus
1431 2445 1532 2485 add.
1553 2457 1582 2494 p
1603 2449 1701 2483 ante
1722 2442 1888 2483 flumen

285 2515 363 2542 om.
394 2500 517 2541 BRD
567 2497 590 2554 Π
643 2500 842 2552 ambaga
870 2499 954 2540 BR
1005 2496 1025 2552 l}
1079 2501 1131 2539 12
1170 2503 1494 2540 maurataneae
1523 2497 1584 2538 B¹
1631 2495 1650 2552 ΙΙ
1695 2499 1756 2539 ad
1781 2501 1887 2539 octo

286 2558 387 2597 add.
420 2556 510 2596 VII
547 2556 570 2596 b
628 2553 647 2609 Η
706 2558 757 2596 13
789 2555 1140 2607 quadrangenta
1171 2556 1209 2595 R
1266 2552 1285 2607 H
1342 2556 1474 2608 isaga
1504 2554 1547 2594 B
1584 2567 1699 2606 saga
1729 2553 1794 2594 bR
1847 2550 1868 2607 [Ι

288 2615 341 2652 14
360 2612 635 2652 Masinissae
658 2612 957 2652 add.‘Grotz·us
990 2608 1008 2665 Η
1048 2612 1099 2652 15
1122 2612 1247 2651 circa
1269 2612 1334 2651 bR
1366 2608 1384 2665 Η
1423 2612 1473 2651 16
1494 2611 1621 2663 regio
1642 2610 1666 2650 b
1701 2606 1720 2663 ΙΙ
1754 2610 1885 2662 ippos

285 2669 367 2708 BR
402 2668 536 2722 ippus
567 2669 590 2708 b
639 2664 659 2722 H
715 2667 936 2708 tabracca
966 2667 1008 2707 B
1056 2664 1074 2720 ΙΙ
1134 2668 1185 2707 18
1224 2667 1534 2720 promuntoria
1565 2666 1589 2706 b
1625 2669 1885 2718 promentu-

286 2725 356 2764 ria
387 2725 425 2765 R
481 2721 500 2777 Η
552 2737 636 2776 pro
667 2722 926 2777 Appollinis
957 2725 1065 2765 coni.
1099 2722 1354 2763 Candidum
1387 2723 1557 2764 Grotius
1591 2723 1672 2762 sed
1698 2721 1884 2761 Martia-

286 2794 381 2819 num
407 2782 542 2832 ipsum
569 2793 740 2820 errasse
779 2781 951 2832 aqnouit
979 2779 1178 2831 Koppius
1223 2775 1241 2831 Η
1281 2781 1335 2819 20
1363 2779 1707 2831 Hipponensem
1734 2776 1887 2831 proxi-

285 2847 405 2875 mum
437 2849 494 2877 ex
514 2837 653 2877 Plinio
683 2835 853 2876 addidit
870 2835 1072 2887 Koppius
1110 2831 1132 2888 Π
