1982 3230
328 91 419 165 LII
552 120 900 162 PRAEFATIO
923 122 988 163 IN
1009 121 1379 167 MARTIANVM
1400 124 1733 170 CAPELLAM

329 263 567 298 mannum
594 254 855 298 comment.
884 247 945 297 de
966 247 1198 299 Dositheo
1225 265 1272 314 p.
1296 248 1329 301 6
1355 253 1473 302 dass
1497 255 1605 302 eine
1633 255 1948 319 Grammatik

327 335 418 383 mit
440 336 532 383 der
555 334 853 382 bestimmten
870 333 1181 383 Jahreszahl
1203 331 1306 385 207
1326 350 1376 384 n.
1402 338 1519 387 Chr.
1541 351 1594 387 so
1617 337 1698 398 oft
1720 341 1950 390 wortlich

326 421 414 466 mit
439 419 695 466 Charisius
732 418 839 466 und
862 419 1124 468 Diomedes
1147 457 1158 467 .
1182 456 1195 468 .
1221 456 1233 468 .
1256 419 1678 489 >ic‘bereinstimmt,
1718 424 1781 472 ist
1815 424 1952 473 nicht

326 502 525 550 minder
549 502 897 563 merkwic’rdiq
918 540 928 552 .
946 540 957 552 .
980 507 1015 552 .'
1044 503 1105 552 cf.
1127 503 1426 568 Bockingius
1446 504 1652 568 praefat.
1675 505 1738 556 ad
1758 506 1947 557 Dosith.

327 600 374 650 p.
406 584 747 636 VIIll—-Xllll,
806 588 968 652 itaque
995 587 1163 637 dicere
1190 602 1290 636 non
1318 589 1476 638 ausim
1505 603 1652 653 quem
1677 597 1847 640 noster
1873 605 1948 641 se-

329 676 472 720 cutus
498 671 558 720 sit
584 685 883 736 quamquam
910 686 971 721 ne
997 671 1076 722 hic
1105 672 1302 736 quidem
1331 671 1666 724 Varronianae
1693 674 1949 726 doctrinae

326 757 536 820 uestigia
563 756 755 805 desunt.
799 771 911 806 nam
931 756 1062 822 quod
1082 755 1381 807 Ritschelius
1410 756 1492 822 (de
1504 757 1642 808 Varr.
1667 758 1786 809 disc.
1807 758 1951 810 libris

328 855 376 904 p.
407 838 458 904 7)
489 855 549 890 ex
575 840 883 890 Cassiodorio
911 841 972 890 de
999 840 1218 905 orthogr.
1256 857 1304 906 p.
1333 838 1474 891 2286
1500 842 1552 891 Ρ.
1582 842 1742 892 adfert
1768 844 1946 893 Varro-

327 940 442 973 nem
478 926 511 973 li
549 931 596 974 et
629 939 669 973 x
703 924 891 974 litteras
927 941 1034 975 esse
1070 940 1303 989 negasse,
1344 926 1515 976 eadem
1548 926 1782 991 leguntur
1816 927 1947 993 apud

327 1009 653 1059 Martianum:
690 1006 772 1065 61,
801 1007 834 1058 3
869 1017 916 1059 et
941 1007 1024 1067 63,
1054 1007 1111 1066 8,
1153 1025 1314 1074 neque
1342 1009 1481 1060 aliter
1506 1012 1718 1061 sensisse
1746 1027 1858 1063 eum
1885 1013 1946 1062 de

328 1096 361 1142 h
399 1093 696 1143 documento
732 1100 805 1142 est
831 1109 878 1158 p.
907 1090 991 1150 62,
1018 1091 1054 1142 4
1087 1093 1173 1143 ubi
1207 1093 1304 1143 uid.
1334 1094 1578 1158 Koppius:
1617 1103 1664 1144 et
1698 1097 1751 1145 in
1776 1097 1947 1159 primis

326 1193 377 1241 p.
403 1175 489 1235 63,
520 1176 549 1226 7
661 1179 715 1227 H
736 1180 1046 1240 aspirationi
1081 1180 1301 1229 dabitur.

471 1261 640 1311 Simile
677 1269 750 1311 est
783 1262 913 1327 quod
948 1262 1212 1327 Pompeius
1249 1268 1507 1312 comment.
1539 1264 1657 1312 artis
1683 1263 1862 1313 Donati
1895 1279 1942 1328 p.

327 1344 433 1397 233
470 1346 693 1396 Lindem.
731 1347 854 1396 haec
889 1345 1039 1396 habet
1081 1345 1200 1395 ‘ille'
1240 1346 1496 1411 (nimirum
1521 1347 1744 1412 Varro)
1783 1347 1942 1398 ‘dicim

328 1435 412 1481 lac
438 1446 538 1480 non
565 1431 804 1481 debemus
831 1431 996 1480 dicere
1032 1430 1119 1479 sed
1153 1434 1281 1480 lact'
1319 1431 1587 1481 Martianus
1627 1431 1799 1481 eadem
1836 1431 1946 1482 fere

328 1516 519 1580 profert
543 1531 593 1580 p.
620 1513 704 1571 62,
733 1513 817 1566 25.

472 1600 701 1657 Quarto
738 1599 865 1649 libro
893 1614 953 1648 ex
979 1604 1270 1663 personatae
1296 1598 1589 1649 Dialecticae
1627 1599 1794 1651 uerbis
1817 1616 1943 1666 quae

327 1685 561 1750 leguntur
587 1702 635 1750 p.
668 1682 783 1742 101,
815 1682 881 1734 10
905 1685 1046 1747 sequi
1071 1683 1265 1734 uidetur
1290 1685 1562 1733 Varronem
1589 1700 1649 1734 ex
1673 1684 1946 1736 Aristotelis

328 1771 607 1835 praeceptis
633 1784 773 1819 suam
801 1768 1090 1818 conflauisse
1111 1768 1434 1824 dialecticam,
1462 1783 1669 1832 eamque
1695 1769 1808 1819 dein
1833 1785 1947 1820 rur-

329 1870 438 1905 sum
463 1854 758 1911 Martianum
794 1855 834 1903 si
859 1853 1006 1902 modo
1032 1853 1127 1917 ipsi
1150 1852 1274 1901 fides
1309 1859 1436 1901 esset
1460 1853 1510 1901 in
1535 1851 1819 1904 breuiorem
1844 1854 1944 1903 for-

327 1954 461 1989 mam
488 1940 806 1987 contraxisse.
846 1937 934 1987 sed
962 1939 1070 1986 ueri
1094 1935 1302 1986 similius
1323 1942 1441 2000 puto
1467 1937 1597 2002 apud
1616 1939 1943 2002 posteriorem

328 2022 545 2087 aliquem
565 2023 858 2086 scriptorem
879 2021 1172 2070 Martianum
1199 2019 1334 2069 illam
1351 2022 1586 2071 Varronis
1610 2020 1944 2072 laudationem

327 2109 579 2156 inuenisse
606 2121 816 2170 eumque
842 2107 892 2155 in
917 2121 1061 2155 suum
1088 2120 1235 2154 usum
1263 2105 1586 2155 conuertisse.
1743 2116 1748 2117 ⁷

472 2189 698 2247 Quinto
741 2189 870 2238 libro
906 2188 1083 2239 Halmii
1117 2189 1503 2244 adnotationem,
1549 2203 1645 2254 qua
1678 2190 1878 2255 Aquilae
1915 2207 1943 2241 a

328 2275 565 2326 Martiano
591 2275 813 2339 excerpti
834 2274 1185 2337 Ciceronisque
1207 2271 1344 2322 locos
1365 2275 1732 2345 accuratissime
1756 2274 1940 2325 indica-

329 2361 400 2410 uit
418 2374 610 2411 summa
630 2361 736 2409 eius
756 2359 853 2408 uiri
871 2357 1165 2407 liberalitate
1184 2363 1413 2421 repetere
1433 2356 1585 2414 licuit,
1613 2358 1675 2407 ad
1700 2365 1942 2410 sextum

331 2460 391 2494 ex
411 2443 680 2495 Luedeckii
707 2443 767 2492 de
794 2459 852 2493 eo
874 2441 1001 2492 libro
1029 2442 1372 2492 dissertatione
1403 2441 1686 2506 (Gottingae
1708 2440 1865 2509 1862)
1895 2449 1942 2493 et

330 2528 626 2589 Mommseni·
647 2520 982 2578 notationibus
1002 2526 1169 2576 Solino
1198 2526 1374 2576 additis
1394 2526 1535 2575 Plinii
1560 2532 1609 2575 et
1628 2526 1792 2599 Solini-
1805 2526 1942 2577 locos

329 2615 553 2678 repetiui,
578 2614 717 2663 cuius
736 2612 849 2662 libri
869 2618 1062 2677 partem
1089 2617 1358 2661 extremam
1373 2609 1566 2660 Euclidi
1586 2610 1758 2662 deberi
1777 2611 1956 2662 Boea—-

330 2713 477 2761 gerus
499 2697 667 2762 (quem
686 2697 885 2748 laudaui
903 2695 1093 2761 p.X111)
1112 2696 1473 2753 animaduertit,
1496 2710 1789 2760 quamquam
1809 2697 1959 2746 haud.

329 2782 655 2845 improbabile
682 2783 880 2833 uidetur
905 2785 1010 2830 non'
1029 2782 1192 2844 ipsum
1212 2779 1467 2831 Euclidem
1493 2780 1580 2829 sed
1599 2781 1826 2855 Latinum
1851 2774 1952 2830 ali-⁷

332 2879 476 2929 quem
522 2869 626 2917 eius
651 2867 973 2932 interpretem
1004 2880 1032 2915 a
1066 2865 1303 2915 Martiano
1340 2865 1617 2928 inspectum
1653 2881 1786 2924 esse,
1825 2880 1936 2916 cum
