1982 3230
301 101 451 142 XXVI
510 98 860 141 PRAEFATIO
892 99 958 161 IN
986 98 1347 141 MARTIANVM
1379 97 1709 140 CAPELLAM

302 226 510 276 membr.
540 228 754 290 scriptus
781 232 853 275 est
879 241 920 275 a.
952 222 1103 276 1483.
1133 226 1224 275 fuit
1249 225 1304 275 D.
1331 225 1609 275 Weimanni
1635 223 1918 276 cancellarii

302 311 560 365 CliuensiS.
624 317 885 375 praeterea
920 311 1138 359 continet
1173 310 1434 360 Boethium
1472 310 1532 359 de
1569 309 1756 360 consol.
1793 309 1926 375 phil..

303 396 705 460 corruptissimus
733 401 781 445 et
805 394 1143 460 interpolatus,

445 481 660 530 Gissen
676 482 761 530 sis
796 495 843 529 n.
872 477 956 530 82.
983 477 1032 528 4.
1069 481 1187 528 min.
1216 479 1490 528 membran.
1528 494 1654 529 saec.
1679 479 1828 529 XIIII.
1857 494 1919 529 ex

302 563 560 613 collatione
581 580 727 629 quam
741 564 853 614 Otto
883 565 1076 630 (comm.
1100 564 1226 612 critt.
1250 564 1298 611 in
1322 563 1463 612 codd.
1483 562 1599 612 bibl.
1622 563 1757 613 acad.
1773 563 1914 628 Giss.)

301 648 486 713 publici
511 649 632 698 iuris
659 648 775 698 fecit
800 648 979 697 nullius
1007 663 1120 697 eum
1147 648 1294 712 pretii
1322 662 1429 696 esse
1466 653 1686 712 apparet.
1739 647 1916 711 glossis

301 733 414 782 Otto
441 733 574 782 solus
610 733 787 797 opinor
814 732 1082 782 delectatus
1118 738 1191 781 est
1229 733 1290 797 (p.
1324 730 1391 781 14
1415 747 1487 797 sq.
1518 739 1566 782 et
1591 747 1640 796 p.
1668 729 1775 782 269
1801 731 1913 797 sq.).

443 817 819 868 Dresdensis
858 816 1191 883 (Falkenstein
1227 833 1276 881 p.
1303 814 1432 882 262)
1470 832 1596 866 saec.
1625 816 1724 866 XV.
1762 817 1916 866 inter-

302 900 519 965 polatum
547 917 657 951 eum
686 918 794 951 esse
823 918 881 951 ex
908 902 1086 965 Koppii
1112 903 1465 951 commentario
1493 907 1712 966 apparet.

443 986 969 1050 Guelferbytanus
1018 984 1052 1034 2
1106 986 1283 1048 (Ebert
1335 992 1426 1035 cat.
1480 1001 1524 1049 p.
1576 984 1662 1036 40.
1714 1001 1761 1036 n.
1813 983 1916 1038 150

300 1069 508 1118 membr.
535 1068 584 1118 4.
615 1085 742 1118 saec.
772 1069 911 1134 XIV).

441 1153 786 1217 Lipsiensis
809 1152 925 1218 (Cat.
948 1153 1082 1203 MSS.
1107 1154 1181 1203 ed.
1201 1154 1475 1203 Naumann.
1498 1156 1746 1205 Grimmae
1760 1151 1929 1206 1838.

297 1235 355 1286 4:
411 1238 526 1287 Cod.
557 1239 639 1288 Gr.
679 1245 725 1287 et
750 1239 854 1288 Lat.
895 1253 942 1286 n.
971 1238 1070 1288 XL.
1133 1253 1242 1288 cum
1271 1238 1363 1288 alia
1389 1239 1509 1304 tum)
1564 1239 1826 1288 ‘Marciani
1860 1239 1912 1290 C.

301 1321 396 1370 duo
443 1322 637 1385 priores
672 1322 783 1370 libri
821 1339 931 1371 cum
978 1321 1176 1371 scholiis
1211 1324 1560 1387 copiosissimis
1606 1339 1731 1388 quae
1777 1330 1913 1374 recte

301 1405 544 1456 Weberus
596 1408 979 1469 eexpositionem
1028 1407 1222 1456 doctam
1260 1415 1306 1456 et
1349 1406 1699 1471 amplissimam
1735 1411 1911 1458 vocat.’

299 1491 451 1554 Incip.
512 1492 587 1540 Tu
622 1505 766 1552 quem
797 1494 1090 1553 psallentem
1126 1494 1364 1541 thalamis
1397 1498 1445 1541 et
1478 1499 1639 1541 matre
1678 1494 1912 1543 Camena.

299 1574 439 1638 Expl.
462 1578 791 1636 Famamque
815 1591 952 1626 muse
977 1583 1023 1625 et
1046 1579 1202 1626 chelis
1226 1579 1402 1626 latola.
1444 1575 1712 1626 Scholiasta
1741 1577 1911 1626 eadem

299 1673 409 1723 pag.
450 1675 543 1723 qua
572 1660 801 1708 Lucanus
839 1660 1035 1724 explicit
1071 1662 1141 1709 sic
1177 1661 1372 1723 incipit:
1429 1661 1623 1711 Titulus
1660 1664 1754 1710 iste
1788 1675 1910 1723 qua-

300 1749 415 1793 tuor
447 1747 652 1793 nomina
689 1746 779 1793 dat
816 1749 1018 1795 auctori
1049 1760 1156 1795 suo,
1231 1744 1416 1808 Explic.
1456 1748 1502 1794 sl
1526 1745 1715 1805 faueat
1749 1747 1910 1795 latoia

299 1829 475 1887 cheles,
515 1831 569 1877 id
593 1835 666 1877 est
692 1832 941 1892 apollinis

440 1912 658 1961 lacoba
674 1928 779 1962 eus
807 1914 853 1977 (“
843 1929 889 1962 in
912 1914 1114 1963 aedibus
1136 1913 1402 1963 Iacobaeis'
1431 1914 1532 1963 Cat.
1551 1914 1687 1963 MSS.
1708 1912 1911 1976 Angliae

299 1995 354 2051 II,
386 1994 431 2052 1,
460 1994 614 2046 8599.
644 1995 780 2059 877).

440 2079 828 2128 Basileensis
879 2081 915 2129 F
954 2081 975 2128 1
1024 2079 1094 2129 22
1145 2097 1256 2130 cum
1309 2083 1660 2130 commentario
1712 2087 1761 2130 et
1809 2081 1934 2151 uita·

302 2162 513 2227 (Haenel
548 2178 595 2226 p.
638 2161 787 2227 130),
842 2179 952 2212 cum
1003 2164 1320 2229 interpolatis
1358 2165 1521 2214 facere
1575 2165 1784 2215 uidetur.
1849 2164 1910 2215 de

299 2246 575 2309 Hugiano
603 2246 701 2295 dixi
726 2264 773 2312 p.
801 2248 942 2297 XVII.

442 2331 755 2380 Gothanus
791 2332 998 2381 membr.
1026 2347 1153 2382 saec.
1182 2334 1245 2382 XI
1283 2349 1395 2383 cum
1430 2333 1587 2396 glossa
1628 2333 1707 2399 (cf.
1735 2331 1910 2382 Iacobs

301 2421 348 2464 et
375 2415 556 2480 Vkert.)
586 2431 752 2465 meum
778 2417 827 2464 in
854 2431 996 2465 usum
1024 2415 1137 2466 olim
1167 2418 1216 2467 C.
1247 2418 1607 2481 Zangemeister
1634 2417 1854 2467 contulit.

442 2499 947 2549 vindobonensis
977 2500 1003 2550 1
1046 2501 1320 2567 (CCCXCIV
1345 2503 1503 2566 Endl.)
1540 2503 1792 2553 ‘Martiani
1815 2502 1905 2552 Ca-

298 2586 454 2651 pellae
491 2586 551 2635 de
578 2585 633 2635 N.
665 2585 752 2634 Ph.
784 2591 831 2634 et
854 2586 916 2635 M.
955 2585 987 2635 l.
1018 2586 1104 2635 IL'
1143 2587 1418 2650 inscriptio:
1471 2587 1734 2653 ‘Marciani
1771 2587 1905 2649 Minii

300 2669 483 2733 capelle
522 2669 648 2719 liber
683 2671 872 2734 primus
912 2671 1126 2733 incipit.'
1189 2671 1600 2735 subscriptionem
1637 2686 1763 2720 saec.
1802 2669 1910 2719 XVI

299 2754 511 2802 additam
547 2769 653 2804 esse
681 2753 1004 2803 Endlicherus
1026 2756 1106 2819 ‘ait
1139 2755 1267 2803 hanc
1304 2755 1528 2819 eexplicit
1555 2770 1702 2805 aurea
1737 2754 1905 2818 lingua
1979 2740 1982 2742 ,

299 2836 379 2885 uel
406 2837 652 2901 angelicus
680 2839 896 2888 doctoris
923 2839 1255 2901 Bragurdini.'
1956 2834 1959 2837 ⁴
