1982 3230
710 141 898 184 mmm
926 140 976 184 ιι
1577 106 1648 186 97

825 230 846 254 ’δι

7 286 405 356 ³praedictorum
437 283 707 335 thalamum
740 284 977 334 iuuenum
1014 288 1063 333 et
1095 279 1326 346 nuptialia
1367 277 1647 345 peragenda

31 360 115 411 uti
139 357 375 424 postridie
400 356 560 406 omnis
584 353 666 405 ille
693 354 900 405 deorum
926 358 1124 403 senatus
1148 353 1199 402 in
1224 350 1418 418 palatia,
1447 363 1573 415 quae
1597 348 1646 397 in

40 428 240 481 Galaxia
281 427 410 478 louis
454 425 802 476 habitationem
839 425 1143 491 potiss1mam
1181 422 1391 479 fachint,
1430 417 1645 471 diluculo

42 499 381 551 conuenirent.
432 497 508 548 his
533 498 680 562 igitur
707 496 825 546 actis
850 494 972 546 solio
994 509 1082 544 rex
1102 495 1208 558 ipse
1227 493 1445 543 surrexit
1464 490 1648 541 omnis-

0 582 23 617 5
43 586 139 637 que
164 569 243 621 ille
268 569 474 619 deorum
500 581 735 617 numerus
761 565 903 617 sedes
928 566 1156 632 proprias
1193 578 1468 629 cursusque
1503 576 1649 626 repe-

42 642 166 692 tiuit.

587 988 621 1055 <
648 989 909 1051 LIBER
951 989 1018 1049 II

186 1177 283 1227 Sed
309 1191 487 1242 purum
515 1176 737 1225 astrificis
764 1174 952 1226 caelum
979 1171 1246 1225 scandebat
1270 1172 1476 1222 habenis
1683 1186 1739 1226 98

189 1248 298 1298 Nox
322 1262 564 1298 reuocans
590 1261 754 1296 merso
782 1244 1017 1309 fulgentia
1044 1244 1205 1294 sidera
1230 1243 1450 1293 Phoebo.

6 1341 25 1370 ο
186 1318 338 1368 ardua
363 1323 481 1367 tunc
506 1318 670 1367 senior
695 1315 951 1367 succendit
974 1314 1191 1380 plaustra
1217 1314 1399 1365 Bootes

186 1395 235 1438 et
260 1389 404 1454 spiris
430 1393 568 1437 torvo
593 1388 844 1437 nituerunt
869 1391 998 1436 astra
1025 1386 1251 1442 Draconi,

185 1460 368 1510 auratis
393 1460 537 1508 etiam
562 1457 778 1521 flagrans
803 1456 1093 1522 splendebat
1115 1457 1168 1505 in
1195 1457 1345 1506 armis

186 1531 269 1595 qui
294 1528 445 1579 trahit
469 1529 697 1579 aestifero
725 1527 994 1593 fulgentem
1021 1528 1181 1578 Sirion
1206 1534 1334 1584 ortu,

184 1600 282 1650 hoc
308 1614 503 1665 quoque
528 1599 745 1664 Nysiacis
771 1599 904 1665 quod
930 1613 1157 1663 sparsum
1183 1597 1390 1648 floribus
1417 1598 1559 1648 ardet

186 1670 444 1735 multiplici
470 1669 704 1720 ambitum
732 1670 989 1720 redimitur
1016 1669 1200 1719 lumine
1226 1675 1429 1719 sertum.

189 1741 393 1806 uirginis
418 1742 605 1791 interea
630 1741 847 1804 trepidas
873 1740 1145 1806 perlabitur
1170 1755 1315 1789 aures

186 1812 315 1862 fama
341 1811 473 1861 Iouis
499 1824 676 1874 magno
704 1811 820 1860 dum
849 1810 1061 1875 complet
1085 1816 1214 1861 tecta
1239 1810 1406 1860 boatu.

188 1911 408 1976 Denique
434 1912 537 1974 ipse
563 1908 863 1975 compertis)
896 1925 1129 1974 superum
1158 1910 1367 1959 decretis
1393 1909 1656 1975 adultaque
1686 1923 1743 1962 99

47 1983 144 2032 iam
171 1987 315 2031 nocte
340 1979 607 2044 Philologia
634 1980 932 2044 peruigilans
958 1979 1107 2029 multa
1135 1995 1303 2031 secum
1324 1981 1508 2045 ingenti
1534 1996 1653 2032 cura

0 2080 6 2105 fi
53 2053 195 2103 anxia
239 2050 552 2101 retractabat.
619 2051 994 2114 ingrediendum
1032 2052 1189 2115 primo
1236 2058 1460 2101 senatum
1506 2051 1655 2102 deum

0 2118 1 2123 ’
50 2122 278 2187 Iouisque
326 2122 611 2172 subeundos
655 2122 1059 2187 inpraemeditata
1109 2123 1300 2173 uisione
1354 2130 1651 2188 conspectus

95 2296 99 2301 ¹
162 2281 188 2320 3
226 2277 248 2320 l
275 2277 612 2318 habitationem
639 2291 663 2317 r
705 2277 1053 2318 arbitrationem
1083 2277 1166 2319 BR
1229 2274 1249 2332 Η
1312 2280 1338 2319 6
1374 2278 1656 2331 subscriptum

49 2347 240 2378 securus
258 2334 419 2375 melior
435 2333 545 2375 felix
562 2346 614 2374 us
634 2331 704 2384 (as
721 2336 762 2374 in
778 2347 867 2377 ras,
879 2334 936 2386 Β)
958 2332 985 2388 ᾗ
1006 2333 1052 2387 (p
1062 2334 1122 2387 B)
1142 2337 1269 2387 pom.
1290 2329 1479 2378 consisi.
1501 2335 1659 2376 rethor

51 2389 223 2444 (rhetor
241 2390 304 2442 B)
325 2389 421 2432 urb.
447 2389 590 2442 (urbis
620 2392 772 2431 litteris
799 2391 839 2430 is
869 2393 912 2431 in
932 2405 1019 2434 ras.
1039 2391 1100 2443 B)
1133 2392 1173 2431 R
1205 2404 1259 2431 ex
1295 2391 1658 2433 mendosissimis

51 2447 389 2502 exemplaribus
420 2447 718 2488 emendabam
741 2450 901 2487 eontra
922 2447 1118 2501 legenae
1151 2446 1359 2501 (legente
1381 2448 1442 2502 B)
1467 2448 1658 2488 deutero

53 2501 287 2558 (eucherio
315 2505 358 2543 in
386 2516 472 2544 ras.
495 2502 559 2556 B)
593 2503 838 2544 scolastico
869 2504 1096 2557 discipulo
1130 2518 1230 2545 meo
1254 2518 1406 2546 romae
1440 2504 1498 2544 ad
1528 2505 1659 2554 porta}⁴

16 2616 19 2618 ,
54 2577 230 2629 capena
250 2575 423 2615 eonsist
445 2571 577 2625 (eofis
599 2573 657 2624 B)
681 2573 857 2627 paulini
886 2577 961 2615 uic
985 2575 1059 2626 (ue
1076 2575 1134 2627 B)
1155 2618 1163 2626 ,
1183 2576 1266 2615 sub
1299 2576 1372 2616 die
1411 2573 1501 2616 Ποῖ]
1538 2587 1656 2614 mar-

51 2630 179 2672 tiarfi
219 2631 387 2672 christo
428 2630 675 2670 adiuuante
736 2630 1034 2673 MARTIANI
1063 2630 1284 2684 MINNEI
1304 2630 1545 2673 FELICIS
1558 2630 1660 2671 CA-

52 2685 295 2729 PELLAE
343 2687 530 2729 LIBER
569 2685 793 2728 PRIMVS
840 2687 1130 2730 EXPLICIT
1171 2688 1423 2740 (INCIPIT
1471 2687 1661 2728 LIBER

54 2741 366 2785 SECVNDVS
397 2742 724 2785 FELICITER
754 2745 854 2786 add.
883 2745 942 2797 B)
982 2747 1025 2785 in
1056 2746 1138 2785 BR
1175 2750 1217 2785 et
1246 2746 1391 2785 eadem
1416 2746 1513 2797 fere
1543 2745 1588 2783 in
1617 2745 1659 2784 D

55 2790 114 2896 ἐς
139 2799 184 2841 0.
213 2800 389 2841 Iahnius
416 2806 605 2841 actorum
634 2801 756 2841 acad.
779 2802 1016 2854 Lipsiensis
1045 2802 1154 2854 Vp.
1179 2803 1264 2842 351
1283 2815 1348 2854 sq.
1398 2798 1417 2855 ss
1467 2803 1519 2842 10
1548 2800 1659 2841 boo-

76 2867 158 2922 Ὶ’,βε
177 2853 286 2954 ΒΒΙΙ
306 2858 384 2967 ull
419 2857 618 2898 dracone
642 2857 680 2895 D
727 2852 747 2909 Η
797 2859 849 2899 13
879 2858 1034 2910 syrion
1054 2857 1096 2896 B
1142 2855 1163 2912 Η
1213 2859 1265 2898 14
1295 2858 1498 2912 nisyacis
1519 2859 1562 2900 B
1591 2861 1660 2902 ni-

61 2913 198 2954 aiacis
