<?xml version="1.0" encoding="UTF-8"?>
<!DOCTYPE html PUBLIC "-//W3C//DTD XHTML 1.0 Transitional//EN"
    "http://www.w3.org/TR/xhtml1/DTD/xhtml1-transitional.dtd">
<html xmlns="http://www.w3.org/1999/xhtml" xml:lang="en" lang="en">
 <head>
  <title>
</title>
<meta http-equiv="Content-Type" content="text/html;charset=utf-8" />
  <meta name='ocr-system' content='tesseract 3.04.00' />
  <meta name='ocr-capabilities' content='ocr_page ocr_carea ocr_par ocr_line ocrx_word'/>
</head>
<body>
  <div class='ocr_page' id='page_1' title='image "./martianvscapella00martuoft_0198.png"; bbox 0 0 1982 3230; ppageno 0'>
   <div class='ocr_carea' id='block_1_1' title="bbox 1230 0 1982 218">
    <p class='ocr_par' dir='ltr' id='par_1_1' title="bbox 1230 0 1982 218">
     <span class='ocr_line' id='line_1_1' title="bbox 1230 0 1982 218; baseline 0.011 -8"><span class='ocrx_word' id='word_1_1' title='bbox 1230 0 1982 218; x_wconf 95' lang='lat' dir='ltr'>   </span> 
     </span>
    </p>
   </div>
   <div class='ocr_carea' id='block_1_2' title="bbox 316 134 1431 188">
    <p class='ocr_par' dir='ltr' id='par_1_2' title="bbox 316 134 1431 188">
     <span class='ocr_line' id='line_1_2' title="bbox 316 134 1431 188; baseline -0.008 0"><span class='ocrx_word' id='word_1_2' title='bbox 316 134 419 188; x_wconf 81' lang='grc'>124</span> <span class='ocrx_word' id='word_1_3' title='bbox 791 135 1092 178; x_wconf 82' lang='lat' dir='ltr'><strong>MARTIANI</strong></span> <span class='ocrx_word' id='word_1_4' title='bbox 1113 134 1431 185; x_wconf 72' lang='lat' dir='ltr'>cAPELLAE</span> 
     </span>
    </p>
   </div>
   <div class='ocr_carea' id='block_1_3' title="bbox 162 264 1982 2442">
    <p class='ocr_par' dir='ltr' id='par_1_3' title="bbox 315 264 1965 342">
     <span class='ocr_line' id='line_1_3' title="bbox 315 264 1965 342; baseline 0.002 -14"><span class='ocrx_word' id='word_1_5' title='bbox 315 278 523 328; x_wconf 87' lang='lat' dir='ltr'>uerbum</span> <span class='ocrx_word' id='word_1_6' title='bbox 557 279 605 326; x_wconf 91' lang='lat' dir='ltr'>in</span> <span class='ocrx_word' id='word_1_7' title='bbox 644 277 916 327; x_wconf 87' lang='lat' dir='ltr'>subiectiua</span> <span class='ocrx_word' id='word_1_8' title='bbox 953 283 1006 326; x_wconf 87' lang='lat' dir='ltr'>ut</span> <span class='ocrx_word' id='word_1_9' title='bbox 1052 277 1244 342; x_wconf 81' lang='lat' dir='ltr'>aliquod</span> <span class='ocrx_word' id='word_1_10' title='bbox 1280 293 1554 342; x_wconf 81' lang='lat' dir='ltr'>pronomen</span> <span class='ocrx_word' id='word_1_11' title='bbox 1590 294 1757 329; x_wconf 85' lang='lat' dir='ltr'>secum</span> <span class='ocrx_word' id='word_1_12' title='bbox 1795 279 1907 331; x_wconf 72' lang='lat' dir='ltr'>uico</span> <span class='ocrx_word' id='word_1_13' title='bbox 1945 264 1965 314; x_wconf 37' lang='grc' dir='ltr'>’ἶ</span> 
     </span>
    </p>

    <p class='ocr_par' dir='ltr' id='par_1_4' title="bbox 162 348 1969 617">
     <span class='ocr_line' id='line_1_4' title="bbox 162 348 1963 402; baseline -0.001 -3"><span class='ocrx_word' id='word_1_14' title='bbox 162 360 245 400; x_wconf 88' lang='lat'>121</span> <span class='ocrx_word' id='word_1_15' title='bbox 259 358 293 398; x_wconf 82' lang='lat' dir='ltr'><em>G</em></span> <span class='ocrx_word' id='word_1_16' title='bbox 313 350 524 397; x_wconf 91' lang='lat' dir='ltr'>nominis</span> <span class='ocrx_word' id='word_1_17' title='bbox 560 354 733 397; x_wconf 86' lang='lat' dir='ltr'>teneat.</span> <span class='ocrx_word' id='word_1_18' title='bbox 807 349 873 397; x_wconf 89' lang='lat' dir='ltr'>ita</span> <span class='ocrx_word' id='word_1_19' title='bbox 912 350 1277 398; x_wconf 77' lang='lat' dir='ltr'>etiam&#39;nomen</span> <span class='ocrx_word' id='word_1_20' title='bbox 1315 354 1389 398; x_wconf 89' lang='lat' dir='ltr'>est</span> <span class='ocrx_word' id='word_1_21' title='bbox 1431 350 1480 398; x_wconf 91' lang='lat' dir='ltr'>in</span> <span class='ocrx_word' id='word_1_22' title='bbox 1518 348 1809 400; x_wconf 83' lang='lat' dir='ltr'>declaratiua</span> <span class='ocrx_word' id='word_1_23' title='bbox 1836 355 1909 402; x_wconf 68' lang='lat' dir='ltr'>⁴ut</span> <span class='ocrx_word' id='word_1_24' title='bbox 1960 383 1963 385; x_wconf 54' lang='lat'>&gt;</span> 
     </span>
     <span class='ocr_line' id='line_1_5' title="bbox 311 418 1904 484; baseline 0.002 -17"><span class='ocrx_word' id='word_1_25' title='bbox 311 425 474 468; x_wconf 85' lang='lat' dir='ltr'>teneat</span> <span class='ocrx_word' id='word_1_26' title='bbox 499 433 664 467; x_wconf 89' lang='lat' dir='ltr'>secum</span> <span class='ocrx_word' id='word_1_27' title='bbox 693 418 888 483; x_wconf 83' lang='lat' dir='ltr'>aliquod</span> <span class='ocrx_word' id='word_1_28' title='bbox 915 418 1140 476; x_wconf 89' lang='lat' dir='ltr'>uerbum,</span> <span class='ocrx_word' id='word_1_29' title='bbox 1171 435 1229 469; x_wconf 84' lang='lat' dir='ltr'>ex</span> <span class='ocrx_word' id='word_1_30' title='bbox 1251 434 1347 483; x_wconf 91' lang='lat' dir='ltr'>quo</span> <span class='ocrx_word' id='word_1_31' title='bbox 1376 420 1480 469; x_wconf 90' lang='lat' dir='ltr'>eius</span> <span class='ocrx_word' id='word_1_32' title='bbox 1505 421 1664 470; x_wconf 89' lang='lat' dir='ltr'>uicem</span> <span class='ocrx_word' id='word_1_33' title='bbox 1690 419 1904 484; x_wconf 83' lang='lat' dir='ltr'>impleat.</span> 
     </span>
     <span class='ocr_line' id='line_1_6' title="bbox 311 488 1905 554; baseline 0.002 -17"><span class='ocrx_word' id='word_1_34' title='bbox 311 488 448 538; x_wconf 85' lang='lat' dir='ltr'>uelut</span> <span class='ocrx_word' id='word_1_35' title='bbox 473 491 510 537; x_wconf 90' lang='lat' dir='ltr'>si</span> <span class='ocrx_word' id='word_1_36' title='bbox 539 489 755 538; x_wconf 89' lang='lat' dir='ltr'>dicamus</span> <span class='ocrx_word' id='word_1_37' title='bbox 792 491 903 554; x_wconf 77' lang='lat' dir='ltr'>‘qui</span> <span class='ocrx_word' id='word_1_38' title='bbox 930 490 1141 552; x_wconf 86' lang='lat' dir='ltr'>disputat</span> <span class='ocrx_word' id='word_1_39' title='bbox 1168 489 1337 539; x_wconf 90' lang='lat' dir='ltr'>Cicero</span> <span class='ocrx_word' id='word_1_40' title='bbox 1365 493 1463 538; x_wconf 86' lang='lat' dir='ltr'>est&#39;</span> <span class='ocrx_word' id='word_1_41' title='bbox 1490 492 1598 554; x_wconf 90' lang='lat' dir='ltr'>qui</span> <span class='ocrx_word' id='word_1_42' title='bbox 1635 490 1905 554; x_wconf 77' lang='lat' dir='ltr'>disputat</span> 
     </span>
     <span class='ocr_line' id='line_1_7' title="bbox 311 559 1969 617; baseline 0.002 -10"><span class='ocrx_word' id='word_1_43' title='bbox 311 559 576 608; x_wconf 86' lang='lat' dir='ltr'>subiectiua</span> <span class='ocrx_word' id='word_1_44' title='bbox 606 567 703 616; x_wconf 91' lang='lat' dir='ltr'>est,</span> <span class='ocrx_word' id='word_1_45' title='bbox 742 560 958 609; x_wconf 88' lang='lat' dir='ltr'>Cicero</span> <span class='ocrx_word' id='word_1_46' title='bbox 987 567 1078 609; x_wconf 91' lang='lat' dir='ltr'>est</span> <span class='ocrx_word' id='word_1_47' title='bbox 1115 560 1433 617; x_wconf 87' lang='lat' dir='ltr'>declaratiua,</span> <span class='ocrx_word' id='word_1_48' title='bbox 1474 561 1557 610; x_wconf 90' lang='lat' dir='ltr'>sed</span> <span class='ocrx_word' id='word_1_49' title='bbox 1585 559 1712 610; x_wconf 90' lang='lat' dir='ltr'>illam</span> <span class='ocrx_word' id='word_1_50' title='bbox 1740 560 1902 612; x_wconf 90' lang='lat' dir='ltr'>subie·</span> <span class='ocrx_word' id='word_1_51' title='bbox 1944 569 1969 604; x_wconf 73' lang='lat'>5</span> 
     </span>
    </p>

    <p class='ocr_par' dir='ltr' id='par_1_5' title="bbox 198 630 1976 1102">
     <span class='ocr_line' id='line_1_8' title="bbox 198 630 1976 694; baseline 0.001 -15"><span class='ocrx_word' id='word_1_52' title='bbox 198 640 281 679; x_wconf 85' lang='lat'>395</span> <span class='ocrx_word' id='word_1_53' title='bbox 313 632 492 679; x_wconf 87' lang='lat' dir='ltr'>ctiuam</span> <span class='ocrx_word' id='word_1_54' title='bbox 529 645 801 694; x_wconf 82' lang='lat' dir='ltr'>pronomen</span> <span class='ocrx_word' id='word_1_55' title='bbox 840 631 974 686; x_wconf 87' lang='lat' dir='ltr'>facit,</span> <span class='ocrx_word' id='word_1_56' title='bbox 1013 630 1140 679; x_wconf 86' lang='lat' dir='ltr'>hanc</span> <span class='ocrx_word' id='word_1_57' title='bbox 1175 631 1521 680; x_wconf 86' lang='lat' dir='ltr'>declaratiuam</span> <span class='ocrx_word' id='word_1_58' title='bbox 1559 631 1784 680; x_wconf 88' lang='lat' dir='ltr'>uerbum.</span> <span class='ocrx_word' id='word_1_59' title='bbox 1858 631 1906 680; x_wconf 86' lang='lat' dir='ltr'>in</span> <span class='ocrx_word' id='word_1_60' title='bbox 1974 676 1976 679; x_wconf 20' lang='lat'><strong>⁴</strong></span> 
     </span>
     <span class='ocr_line' id='line_1_9' title="bbox 275 700 1905 766; baseline 0.001 -17"><span class='ocrx_word' id='word_1_61' title='bbox 275 758 277 761; x_wconf 22' lang='lat'>¹</span> <span class='ocrx_word' id='word_1_62' title='bbox 312 701 402 750; x_wconf 86' lang='lat' dir='ltr'>hac</span> <span class='ocrx_word' id='word_1_63' title='bbox 446 702 594 765; x_wconf 87' lang='lat' dir='ltr'>igitur</span> <span class='ocrx_word' id='word_1_64' title='bbox 631 707 769 765; x_wconf 87' lang='lat' dir='ltr'>parte</span> <span class='ocrx_word' id='word_1_65' title='bbox 820 700 936 749; x_wconf 90' lang='lat' dir='ltr'>illud</span> <span class='ocrx_word' id='word_1_66' title='bbox 976 701 1183 750; x_wconf 85' lang='lat' dir='ltr'>dicimus</span> <span class='ocrx_word' id='word_1_67' title='bbox 1218 717 1362 766; x_wconf 89' lang='lat' dir='ltr'>quem</span> <span class='ocrx_word' id='word_1_68' title='bbox 1399 702 1456 750; x_wconf 91' lang='lat' dir='ltr'>ad</span> <span class='ocrx_word' id='word_1_69' title='bbox 1494 702 1693 751; x_wconf 88' lang='lat' dir='ltr'>modum</span> <span class='ocrx_word' id='word_1_70' title='bbox 1738 703 1905 751; x_wconf 87' lang='lat' dir='ltr'>iuncta</span> 
     </span>
     <span class='ocr_line' id='line_1_10' title="bbox 311 770 1904 835; baseline 0.001 -16"><span class='ocrx_word' id='word_1_71' title='bbox 311 777 425 820; x_wconf 92' lang='lat' dir='ltr'>sunt</span> <span class='ocrx_word' id='word_1_72' title='bbox 451 786 540 820; x_wconf 88' lang='lat' dir='ltr'>nec</span> <span class='ocrx_word' id='word_1_73' title='bbox 568 778 727 820; x_wconf 88' lang='lat' dir='ltr'>tamen</span> <span class='ocrx_word' id='word_1_74' title='bbox 766 778 971 834; x_wconf 83' lang='lat' dir='ltr'>possunt</span> <span class='ocrx_word' id='word_1_75' title='bbox 997 770 1189 835; x_wconf 80' lang='lat' dir='ltr'>plenam</span> <span class='ocrx_word' id='word_1_76' title='bbox 1217 773 1379 822; x_wconf 84' lang='lat' dir='ltr'>facere</span> <span class='ocrx_word' id='word_1_77' title='bbox 1414 774 1720 822; x_wconf 84' lang='lat' dir='ltr'>sententiam.</span> <span class='ocrx_word' id='word_1_78' title='bbox 1784 778 1831 821; x_wconf 86' lang='lat' dir='ltr'>et</span> <span class='ocrx_word' id='word_1_79' title='bbox 1863 772 1904 820; x_wconf 89' lang='lat' dir='ltr'>si</span> 
     </span>
     <span class='ocr_line' id='line_1_11' title="bbox 311 841 1903 906; baseline 0.001 -16"><span class='ocrx_word' id='word_1_80' title='bbox 311 842 519 897; x_wconf 86' lang='lat' dir='ltr'>faciunt,</span> <span class='ocrx_word' id='word_1_81' title='bbox 549 857 691 906; x_wconf 92' lang='lat' dir='ltr'>quem</span> <span class='ocrx_word' id='word_1_82' title='bbox 721 842 777 891; x_wconf 93' lang='lat' dir='ltr'>ad</span> <span class='ocrx_word' id='word_1_83' title='bbox 808 841 1006 890; x_wconf 91' lang='lat' dir='ltr'>modum</span> <span class='ocrx_word' id='word_1_84' title='bbox 1033 841 1227 891; x_wconf 79' lang='lat' dir='ltr'>falsitati</span> <span class='ocrx_word' id='word_1_85' title='bbox 1255 850 1302 892; x_wconf 88' lang='lat' dir='ltr'>et</span> <span class='ocrx_word' id='word_1_86' title='bbox 1336 843 1527 891; x_wconf 88' lang='lat' dir='ltr'>ueritati</span> <span class='ocrx_word' id='word_1_87' title='bbox 1554 858 1649 892; x_wconf 92' lang='lat' dir='ltr'>non</span> <span class='ocrx_word' id='word_1_88' title='bbox 1686 844 1784 892; x_wconf 91' lang='lat' dir='ltr'>sint</span> <span class='ocrx_word' id='word_1_89' title='bbox 1817 841 1903 892; x_wconf 89' lang='lat' dir='ltr'>ob-</span> 
     </span>
     <span class='ocr_line' id='line_1_12' title="bbox 311 911 1970 978; baseline 0.001 -18"><span class='ocrx_word' id='word_1_90' title='bbox 311 913 487 961; x_wconf 82' lang='lat' dir='ltr'>noxiae</span> <span class='ocrx_word' id='word_1_91' title='bbox 514 913 797 969; x_wconf 86' lang='lat' dir='ltr'>sententiae,</span> <span class='ocrx_word' id='word_1_92' title='bbox 826 913 1048 976; x_wconf 88' lang='lat' dir='ltr'>quamuis</span> <span class='ocrx_word' id='word_1_93' title='bbox 1067 914 1163 962; x_wconf 92' lang='lat' dir='ltr'>sint</span> <span class='ocrx_word' id='word_1_94' title='bbox 1181 913 1369 977; x_wconf 90' lang='lat' dir='ltr'>plenae,</span> <span class='ocrx_word' id='word_1_95' title='bbox 1393 919 1440 963; x_wconf 89' lang='lat' dir='ltr'>et</span> <span class='ocrx_word' id='word_1_96' title='bbox 1459 929 1602 978; x_wconf 88' lang='lat' dir='ltr'>quem</span> <span class='ocrx_word' id='word_1_97' title='bbox 1626 913 1684 961; x_wconf 89' lang='lat' dir='ltr'>ad</span> <span class='ocrx_word' id='word_1_98' title='bbox 1705 911 1904 962; x_wconf 91' lang='lat' dir='ltr'>modum</span> <span class='ocrx_word' id='word_1_99' title='bbox 1926 922 1970 956; x_wconf 82' lang='lat'>1⁰</span> 
     </span>
     <span class='ocr_line' id='line_1_13' title="bbox 227 982 1910 1048; baseline 0.001 -18"><span class='ocrx_word' id='word_1_100' title='bbox 227 1031 236 1036; x_wconf 78' lang='grc'><em>,</em></span> <span class='ocrx_word' id='word_1_101' title='bbox 312 983 370 1031; x_wconf 93' lang='lat' dir='ltr'>ad</span> <span class='ocrx_word' id='word_1_102' title='bbox 407 983 452 1030; x_wconf 93' lang='lat' dir='ltr'>id</span> <span class='ocrx_word' id='word_1_103' title='bbox 491 983 806 1045; x_wconf 88' lang='lat' dir='ltr'>perueniatur</span> <span class='ocrx_word' id='word_1_104' title='bbox 843 989 896 1030; x_wconf 90' lang='lat' dir='ltr'>ut</span> <span class='ocrx_word' id='word_1_105' title='bbox 932 986 1025 1031; x_wconf 89' lang='lat' dir='ltr'>iam</span> <span class='ocrx_word' id='word_1_106' title='bbox 1061 997 1158 1031; x_wconf 92' lang='lat' dir='ltr'>non</span> <span class='ocrx_word' id='word_1_107' title='bbox 1204 982 1359 1033; x_wconf 92' lang='lat' dir='ltr'>solum</span> <span class='ocrx_word' id='word_1_108' title='bbox 1397 983 1539 1048; x_wconf 89' lang='lat' dir='ltr'>plena</span> <span class='ocrx_word' id='word_1_109' title='bbox 1576 985 1813 1033; x_wconf 87' lang='lat' dir='ltr'>sententia</span> <span class='ocrx_word' id='word_1_110' title='bbox 1847 982 1910 1032; x_wconf 87' lang='lat' dir='ltr'>sit</span> 
     </span>
     <span class='ocr_line' id='line_1_14' title="bbox 311 1052 1284 1102; baseline 0 -1"><span class='ocrx_word' id='word_1_111' title='bbox 311 1053 395 1102; x_wconf 87' lang='lat' dir='ltr'>sed</span> <span class='ocrx_word' id='word_1_112' title='bbox 428 1054 570 1102; x_wconf 86' lang='lat' dir='ltr'>etiam</span> <span class='ocrx_word' id='word_1_113' title='bbox 597 1053 872 1102; x_wconf 81' lang='lat' dir='ltr'>necessario</span> <span class='ocrx_word' id='word_1_114' title='bbox 898 1068 1016 1101; x_wconf 86' lang='lat' dir='ltr'>uera</span> <span class='ocrx_word' id='word_1_115' title='bbox 1045 1058 1126 1102; x_wconf 86' lang='lat' dir='ltr'>aut</span> <span class='ocrx_word' id='word_1_116' title='bbox 1153 1052 1284 1102; x_wconf 79' lang='lat' dir='ltr'>falsa.</span> 
     </span>
    </p>

    <p class='ocr_par' dir='ltr' id='par_1_6' title="bbox 164 1118 1982 2172">
     <span class='ocr_line' id='line_1_15' title="bbox 164 1118 1904 1188; baseline 0.001 -17"><span class='ocrx_word' id='word_1_117' title='bbox 164 1164 168 1171; x_wconf 86' lang='grc'><em>,</em></span> <span class='ocrx_word' id='word_1_118' title='bbox 199 1134 280 1173; x_wconf 86' lang='grc'>396</span> <span class='ocrx_word' id='word_1_119' title='bbox 453 1123 614 1173; x_wconf 84' lang='lat' dir='ltr'>Tertia</span> <span class='ocrx_word' id='word_1_120' title='bbox 634 1138 749 1188; x_wconf 84' lang='lat' dir='ltr'>pars</span> <span class='ocrx_word' id='word_1_121' title='bbox 775 1125 1007 1188; x_wconf 86' lang='lat' dir='ltr'>sequitur,</span> <span class='ocrx_word' id='word_1_122' title='bbox 1035 1125 1085 1172; x_wconf 94' lang='lat' dir='ltr'>in</span> <span class='ocrx_word' id='word_1_123' title='bbox 1106 1138 1197 1187; x_wconf 90' lang='lat' dir='ltr'>qua</span> <span class='ocrx_word' id='word_1_124' title='bbox 1221 1123 1478 1173; x_wconf 89' lang='lat' dir='ltr'>dicendum</span> <span class='ocrx_word' id='word_1_125' title='bbox 1500 1126 1592 1172; x_wconf 90' lang='lat' dir='ltr'>iam</span> <span class='ocrx_word' id='word_1_126' title='bbox 1617 1130 1688 1173; x_wconf 87' lang='lat' dir='ltr'>est</span> <span class='ocrx_word' id='word_1_127' title='bbox 1707 1118 1768 1172; x_wconf 89' lang='lat' dir='ltr'>de</span> <span class='ocrx_word' id='word_1_128' title='bbox 1786 1122 1904 1186; x_wconf 83' lang='lat' dir='ltr'>ipsis</span> 
     </span>
     <span class='ocr_line' id='line_1_16' title="bbox 312 1193 1906 1259; baseline 0 -18"><span class='ocrx_word' id='word_1_129' title='bbox 312 1194 596 1259; x_wconf 59' lang='lat' dir='ltr'>proloquiis</span> <span class='ocrx_word' id='word_1_130' title='bbox 626 1194 685 1243; x_wconf 91' lang='lat' dir='ltr'>ad</span> <span class='ocrx_word' id='word_1_131' title='bbox 712 1210 921 1258; x_wconf 90' lang='lat' dir='ltr'>quorum</span> <span class='ocrx_word' id='word_1_132' title='bbox 956 1193 1255 1243; x_wconf 82' lang='lat' dir='ltr'>intellectum</span> <span class='ocrx_word' id='word_1_133' title='bbox 1284 1196 1335 1243; x_wconf 90' lang='lat' dir='ltr'>in</span> <span class='ocrx_word' id='word_1_134' title='bbox 1362 1195 1604 1259; x_wconf 83' lang='lat' dir='ltr'>superiori</span> <span class='ocrx_word' id='word_1_135' title='bbox 1630 1200 1768 1258; x_wconf 88' lang='lat' dir='ltr'>parte</span> <span class='ocrx_word' id='word_1_136' title='bbox 1794 1207 1906 1256; x_wconf 88' lang='lat' dir='ltr'>per-</span> 
     </span>
     <span class='ocr_line' id='line_1_17' title="bbox 311 1263 1968 1328; baseline -0.003 -15"><span class='ocrx_word' id='word_1_137' title='bbox 311 1267 551 1313; x_wconf 79' lang='lat' dir='ltr'>uenimuS.</span> <span class='ocrx_word' id='word_1_138' title='bbox 626 1276 962 1325; x_wconf 78' lang='lat' dir='ltr'><strong>PROLOQVIA</strong></span> <span class='ocrx_word' id='word_1_139' title='bbox 1004 1266 1154 1328; x_wconf 84' lang='lat' dir='ltr'>igitur</span> <span class='ocrx_word' id='word_1_140' title='bbox 1195 1265 1489 1314; x_wconf 87' lang='lat' dir='ltr'>differentias</span> <span class='ocrx_word' id='word_1_141' title='bbox 1523 1264 1706 1314; x_wconf 89' lang='lat' dir='ltr'>habent</span> <span class='ocrx_word' id='word_1_142' title='bbox 1749 1263 1968 1318; x_wconf 75' lang='lat' dir='ltr'>binas,15</span> 
     </span>
     <span class='ocr_line' id='line_1_18' title="bbox 312 1334 1906 1402; baseline -0.001 -19"><span class='ocrx_word' id='word_1_143' title='bbox 312 1337 359 1384; x_wconf 87' lang='lat' dir='ltr'>in</span> <span class='ocrx_word' id='word_1_144' title='bbox 398 1337 664 1398; x_wconf 85' lang='lat' dir='ltr'>quantitate</span> <span class='ocrx_word' id='word_1_145' title='bbox 702 1341 748 1383; x_wconf 82' lang='lat' dir='ltr'>et</span> <span class='ocrx_word' id='word_1_146' title='bbox 784 1334 1026 1400; x_wconf 84' lang='lat' dir='ltr'>qualitate.</span> <span class='ocrx_word' id='word_1_147' title='bbox 1105 1347 1489 1395; x_wconf 81' lang='lat' dir='ltr'><strong>QVANTITATIS</strong></span> <span class='ocrx_word' id='word_1_148' title='bbox 1526 1335 1796 1385; x_wconf 84' lang='lat' dir='ltr'>differentia</span> <span class='ocrx_word' id='word_1_149' title='bbox 1833 1338 1906 1402; x_wconf 85' lang='lat' dir='ltr'>est</span> 
     </span>
     <span class='ocr_line' id='line_1_19' title="bbox 313 1403 1957 1470; baseline -0.001 -16"><span class='ocrx_word' id='word_1_150' title='bbox 313 1407 441 1470; x_wconf 89' lang='lat' dir='ltr'>quod</span> <span class='ocrx_word' id='word_1_151' title='bbox 471 1405 560 1454; x_wconf 88' lang='lat' dir='ltr'>alia</span> <span class='ocrx_word' id='word_1_152' title='bbox 589 1411 702 1455; x_wconf 89' lang='lat' dir='ltr'>sunt</span> <span class='ocrx_word' id='word_1_153' title='bbox 735 1404 1027 1454; x_wconf 86' lang='lat' dir='ltr'>uniuersalia</span> <span class='ocrx_word' id='word_1_154' title='bbox 1056 1405 1144 1454; x_wconf 87' lang='lat' dir='ltr'>alia</span> <span class='ocrx_word' id='word_1_155' title='bbox 1171 1405 1484 1470; x_wconf 89' lang='lat' dir='ltr'>particularia</span> <span class='ocrx_word' id='word_1_156' title='bbox 1523 1405 1614 1454; x_wconf 88' lang='lat' dir='ltr'>alia</span> <span class='ocrx_word' id='word_1_157' title='bbox 1640 1403 1903 1454; x_wconf 79' lang='lat' dir='ltr'>indefinita.</span> <span class='ocrx_word' id='word_1_158' title='bbox 1954 1403 1957 1415; x_wconf 82' lang='lat'><em>&#39;</em></span> 
     </span>
     <span class='ocr_line' id='line_1_20' title="bbox 311 1475 1905 1526; baseline -0.001 -2"><span class='ocrx_word' id='word_1_159' title='bbox 311 1487 675 1526; x_wconf 82' lang='lat' dir='ltr'>VNIVERSALE</span> <span class='ocrx_word' id='word_1_160' title='bbox 713 1482 786 1525; x_wconf 87' lang='lat' dir='ltr'>est</span> <span class='ocrx_word' id='word_1_161' title='bbox 822 1483 875 1524; x_wconf 92' lang='lat' dir='ltr'>ut</span> <span class='ocrx_word' id='word_1_162' title='bbox 911 1477 1097 1524; x_wconf 73' lang='lat' dir='ltr'>‘omnis</span> <span class='ocrx_word' id='word_1_163' title='bbox 1132 1476 1279 1524; x_wconf 91' lang='lat' dir='ltr'>homo</span> <span class='ocrx_word' id='word_1_164' title='bbox 1315 1475 1492 1524; x_wconf 89' lang='lat' dir='ltr'>animal</span> <span class='ocrx_word' id='word_1_165' title='bbox 1519 1479 1633 1524; x_wconf 88' lang='lat' dir='ltr'>est&#39;.</span> <span class='ocrx_word' id='word_1_166' title='bbox 1707 1485 1905 1524; x_wconf 80' lang='lat' dir='ltr'>PARTI-</span> 
     </span>
     <span class='ocr_line' id='line_1_21' title="bbox 313 1545 1964 1610; baseline -0.002 -14"><span class='ocrx_word' id='word_1_167' title='bbox 313 1558 539 1596; x_wconf 83' lang='lat' dir='ltr'><strong>CVLARE</strong></span> <span class='ocrx_word' id='word_1_168' title='bbox 584 1554 638 1596; x_wconf 83' lang='lat' dir='ltr'>ut</span> <span class='ocrx_word' id='word_1_169' title='bbox 691 1546 913 1610; x_wconf 71' lang='lat' dir='ltr'>‘quidam</span> <span class='ocrx_word' id='word_1_170' title='bbox 959 1546 1108 1595; x_wconf 90' lang='lat' dir='ltr'>homo</span> <span class='ocrx_word' id='word_1_171' title='bbox 1155 1545 1414 1595; x_wconf 83' lang='lat' dir='ltr'>ambulat’.</span> <span class='ocrx_word' id='word_1_172' title='bbox 1515 1554 1906 1595; x_wconf 80' lang='lat' dir='ltr'>INDEFINITVM</span> <span class='ocrx_word' id='word_1_173' title='bbox 1961 1558 1964 1559; x_wconf 44' lang='lat'><em>⁷</em></span> 
     </span>
     <span class='ocr_line' id='line_1_22' title="bbox 312 1613 1972 1680; baseline 0 -16"><span class='ocrx_word' id='word_1_174' title='bbox 312 1623 365 1665; x_wconf 89' lang='lat' dir='ltr'>ut</span> <span class='ocrx_word' id='word_1_175' title='bbox 402 1617 579 1665; x_wconf 82' lang='lat' dir='ltr'>‘homo</span> <span class='ocrx_word' id='word_1_176' title='bbox 615 1615 876 1665; x_wconf 83' lang='lat' dir='ltr'>ambulat&#39;.</span> <span class='ocrx_word' id='word_1_177' title='bbox 952 1617 1081 1680; x_wconf 89' lang='lat' dir='ltr'>quod</span> <span class='ocrx_word' id='word_1_178' title='bbox 1120 1617 1268 1679; x_wconf 85' lang='lat' dir='ltr'>igitur</span> <span class='ocrx_word' id='word_1_179' title='bbox 1292 1616 1542 1664; x_wconf 81' lang='lat' dir='ltr'>indefinite</span> <span class='ocrx_word' id='word_1_180' title='bbox 1569 1616 1788 1669; x_wconf 84' lang='lat' dir='ltr'>dicimus,</span> <span class='ocrx_word' id='word_1_181' title='bbox 1817 1629 1902 1664; x_wconf 91' lang='lat' dir='ltr'>ne·</span> <span class='ocrx_word' id='word_1_182' title='bbox 1924 1613 1972 1658; x_wconf 43' lang='lat'>20⁷</span> 
     </span>
     <span class='ocr_line' id='line_1_23' title="bbox 314 1687 1902 1752; baseline -0.001 -17"><span class='ocrx_word' id='word_1_183' title='bbox 314 1689 527 1736; x_wconf 84' lang='lat' dir='ltr'>cessario</span> <span class='ocrx_word' id='word_1_184' title='bbox 555 1687 918 1752; x_wconf 87' lang='lat' dir='ltr'>particulariter</span> <span class='ocrx_word' id='word_1_185' title='bbox 953 1689 1233 1750; x_wconf 56' lang='lat' dir='ltr'>accipimus</span> <span class='ocrx_word' id='word_1_186' title='bbox 1272 1701 1369 1735; x_wconf 90' lang='lat' dir='ltr'>non</span> <span class='ocrx_word' id='word_1_187' title='bbox 1404 1687 1679 1736; x_wconf 88' lang='lat' dir='ltr'>necessario</span> <span class='ocrx_word' id='word_1_188' title='bbox 1704 1687 1902 1734; x_wconf 88' lang='lat' dir='ltr'>uniuer-</span> 
     </span>
     <span class='ocr_line' id='line_1_24' title="bbox 312 1754 1900 1822; baseline -0.001 -16"><span class='ocrx_word' id='word_1_189' title='bbox 312 1757 493 1811; x_wconf 81' lang='lat' dir='ltr'>saliter,</span> <span class='ocrx_word' id='word_1_190' title='bbox 569 1764 614 1806; x_wconf 89' lang='lat' dir='ltr'>et</span> <span class='ocrx_word' id='word_1_191' title='bbox 651 1759 881 1822; x_wconf 88' lang='lat' dir='ltr'>quoniam</span> <span class='ocrx_word' id='word_1_192' title='bbox 917 1757 963 1805; x_wconf 91' lang='lat' dir='ltr'>id</span> <span class='ocrx_word' id='word_1_193' title='bbox 999 1759 1303 1822; x_wconf 88' lang='lat' dir='ltr'>potissimum</span> <span class='ocrx_word' id='word_1_194' title='bbox 1351 1756 1736 1806; x_wconf 86' lang='lat' dir='ltr'>enumerandum</span> <span class='ocrx_word' id='word_1_195' title='bbox 1772 1754 1900 1820; x_wconf 90' lang='lat' dir='ltr'>quod</span> 
     </span>
     <span class='ocr_line' id='line_1_25' title="bbox 314 1825 1903 1891; baseline -0.004 -13"><span class='ocrx_word' id='word_1_196' title='bbox 314 1844 543 1878; x_wconf 84' lang='lat' dir='ltr'>securum</span> <span class='ocrx_word' id='word_1_197' title='bbox 583 1827 729 1877; x_wconf 87' lang='lat' dir='ltr'>habet</span> <span class='ocrx_word' id='word_1_198' title='bbox 763 1827 1090 1883; x_wconf 88' lang='lat' dir='ltr'>intellectum,</span> <span class='ocrx_word' id='word_1_199' title='bbox 1136 1828 1441 1876; x_wconf 88' lang='lat' dir='ltr'>indefinitum</span> <span class='ocrx_word' id='word_1_200' title='bbox 1489 1841 1579 1890; x_wconf 90' lang='lat' dir='ltr'>pro</span> <span class='ocrx_word' id='word_1_201' title='bbox 1618 1825 1903 1891; x_wconf 81' lang='lat' dir='ltr'>particulari</span> 
     </span>
     <span class='ocr_line' id='line_1_26' title="bbox 313 1897 1900 1964; baseline -0.002 -17"><span class='ocrx_word' id='word_1_202' title='bbox 313 1901 564 1964; x_wconf 86' lang='lat' dir='ltr'>accipitur.</span> <span class='ocrx_word' id='word_1_203' title='bbox 650 1904 795 1948; x_wconf 87' lang='lat' dir='ltr'>erunt</span> <span class='ocrx_word' id='word_1_204' title='bbox 844 1913 961 1962; x_wconf 86' lang='lat' dir='ltr'>ergo</span> <span class='ocrx_word' id='word_1_205' title='bbox 1006 1898 1130 1947; x_wconf 83' lang='lat' dir='ltr'>duae</span> <span class='ocrx_word' id='word_1_206' title='bbox 1180 1898 1480 1946; x_wconf 84' lang='lat' dir='ltr'>differentiae</span> <span class='ocrx_word' id='word_1_207' title='bbox 1530 1898 1578 1945; x_wconf 90' lang='lat' dir='ltr'>in</span> <span class='ocrx_word' id='word_1_208' title='bbox 1624 1897 1900 1961; x_wconf 84' lang='lat' dir='ltr'>quantitate,</span> 
     </span>
     <span class='ocr_line' id='line_1_27' title="bbox 312 1964 1982 2033; baseline -0.003 -15"><span class='ocrx_word' id='word_1_209' title='bbox 312 1971 440 2033; x_wconf 88' lang='lat' dir='ltr'>quod</span> <span class='ocrx_word' id='word_1_210' title='bbox 470 1969 598 2018; x_wconf 88' lang='lat' dir='ltr'>aliud</span> <span class='ocrx_word' id='word_1_211' title='bbox 637 1975 708 2018; x_wconf 87' lang='lat' dir='ltr'>est</span> <span class='ocrx_word' id='word_1_212' title='bbox 743 1964 1020 2018; x_wconf 84' lang='lat' dir='ltr'>uniuersale</span> <span class='ocrx_word' id='word_1_213' title='bbox 1055 1967 1393 2032; x_wconf 87' lang='lat' dir='ltr'>proloquium,</span> <span class='ocrx_word' id='word_1_214' title='bbox 1433 1967 1558 2016; x_wconf 91' lang='lat' dir='ltr'>aliud</span> <span class='ocrx_word' id='word_1_215' title='bbox 1587 1966 1896 2032; x_wconf 87' lang='lat' dir='ltr'>particulare.</span> <span class='ocrx_word' id='word_1_216' title='bbox 1919 1975 1982 2008; x_wconf 50' lang='lat'>2⁵¹</span> 
     </span>
     <span class='ocr_line' id='line_1_28' title="bbox 309 2036 1903 2104; baseline -0.002 -17"><span class='ocrx_word' id='word_1_217' title='bbox 309 2041 359 2087; x_wconf 91' lang='lat' dir='ltr'>in</span> <span class='ocrx_word' id='word_1_218' title='bbox 383 2039 611 2104; x_wconf 89' lang='lat' dir='ltr'>qualitate</span> <span class='ocrx_word' id='word_1_219' title='bbox 637 2041 755 2088; x_wconf 90' lang='lat' dir='ltr'>item</span> <span class='ocrx_word' id='word_1_220' title='bbox 777 2039 915 2095; x_wconf 86' lang='lat' dir='ltr'>duae,</span> <span class='ocrx_word' id='word_1_221' title='bbox 944 2054 1149 2104; x_wconf 87' lang='lat' dir='ltr'>quarum</span> <span class='ocrx_word' id='word_1_222' title='bbox 1178 2050 1539 2088; x_wconf 84' lang='lat' dir='ltr'><strong>DEDICATIVA</strong></span> <span class='ocrx_word' id='word_1_223' title='bbox 1561 2037 1726 2094; x_wconf 87' lang='lat' dir='ltr'>altera,</span> <span class='ocrx_word' id='word_1_224' title='bbox 1754 2036 1903 2086; x_wconf 86' lang='lat' dir='ltr'>altera</span> 
     </span>
     <span class='ocr_line' id='line_1_29' title="bbox 312 2108 1904 2172; baseline -0.002 -14"><span class='ocrx_word' id='word_1_225' title='bbox 312 2121 685 2158; x_wconf 82' lang='lat' dir='ltr'>ABDICATIVA.</span> <span class='ocrx_word' id='word_1_226' title='bbox 739 2109 1063 2158; x_wconf 89' lang='lat' dir='ltr'>dedicatiuum</span> <span class='ocrx_word' id='word_1_227' title='bbox 1091 2116 1163 2157; x_wconf 92' lang='lat' dir='ltr'>est</span> <span class='ocrx_word' id='word_1_228' title='bbox 1189 2111 1374 2158; x_wconf 71' lang='lat' dir='ltr'>eomnis</span> <span class='ocrx_word' id='word_1_229' title='bbox 1394 2108 1652 2172; x_wconf 82' lang='lat' dir='ltr'>&lt;uoluptas</span> <span class='ocrx_word' id='word_1_230' title='bbox 1672 2108 1856 2156; x_wconf 89' lang='lat' dir='ltr'>bonum</span> <span class='ocrx_word' id='word_1_231' title='bbox 1868 2109 1904 2169; x_wconf 54' lang='grc' dir='ltr'>Ἰ,</span> 
     </span>
    </p>

    <p class='ocr_par' dir='ltr' id='par_1_7' title="bbox 164 2171 1891 2262">
     <span class='ocr_line' id='line_1_30' title="bbox 164 2171 1891 2262; baseline -0.002 -33"><span class='ocrx_word' id='word_1_232' title='bbox 164 2220 298 2262; x_wconf 64' lang='lat'><em>1226?</em></span> <span class='ocrx_word' id='word_1_233' title='bbox 318 2180 644 2229; x_wconf 87' lang='lat' dir='ltr'>abdicatiuum</span> <span class='ocrx_word' id='word_1_234' title='bbox 672 2185 724 2227; x_wconf 92' lang='lat' dir='ltr'>ut</span> <span class='ocrx_word' id='word_1_235' title='bbox 751 2181 940 2227; x_wconf 71' lang='lat' dir='ltr'>‘omnis</span> <span class='ocrx_word' id='word_1_236' title='bbox 965 2179 1188 2242; x_wconf 89' lang='lat' dir='ltr'>uoluptas</span> <span class='ocrx_word' id='word_1_237' title='bbox 1215 2194 1311 2226; x_wconf 89' lang='lat' dir='ltr'>non</span> <span class='ocrx_word' id='word_1_238' title='bbox 1337 2178 1572 2227; x_wconf 84' lang='lat' dir='ltr'>bonum&#39;.</span> <span class='ocrx_word' id='word_1_239' title='bbox 1887 2171 1891 2175; x_wconf 48' lang='lat'><strong>⁴</strong></span> 
     </span>
    </p>

    <p class='ocr_par' dir='ltr' id='par_1_8' title="bbox 200 2247 1966 2442">
     <span class='ocr_line' id='line_1_31' title="bbox 200 2247 1903 2318; baseline -0.003 -18"><span class='ocrx_word' id='word_1_240' title='bbox 200 2279 282 2318; x_wconf 83' lang='lat'>397</span> <span class='ocrx_word' id='word_1_241' title='bbox 458 2249 742 2299; x_wconf 87' lang='lat' dir='ltr'>Vniuersale</span> <span class='ocrx_word' id='word_1_242' title='bbox 777 2251 926 2311; x_wconf 86' lang='lat' dir='ltr'>igitur</span> <span class='ocrx_word' id='word_1_243' title='bbox 953 2249 1277 2298; x_wconf 88' lang='lat' dir='ltr'>dedicatiuum</span> <span class='ocrx_word' id='word_1_244' title='bbox 1316 2263 1412 2296; x_wconf 88' lang='lat' dir='ltr'>non</span> <span class='ocrx_word' id='word_1_245' title='bbox 1440 2249 1717 2297; x_wconf 87' lang='lat' dir='ltr'>necessario</span> <span class='ocrx_word' id='word_1_246' title='bbox 1743 2247 1903 2311; x_wconf 92' lang='lat' dir='ltr'>sequi·</span> 
     </span>
     <span class='ocr_line' id='line_1_32' title="bbox 314 2317 1966 2373; baseline -0.003 -5"><span class='ocrx_word' id='word_1_247' title='bbox 314 2327 393 2369; x_wconf 86' lang='lat' dir='ltr'>tur</span> <span class='ocrx_word' id='word_1_248' title='bbox 440 2322 715 2370; x_wconf 84' lang='lat' dir='ltr'>conuersiO.</span> <span class='ocrx_word' id='word_1_249' title='bbox 791 2334 886 2368; x_wconf 92' lang='lat' dir='ltr'>non</span> <span class='ocrx_word' id='word_1_250' title='bbox 928 2321 1055 2368; x_wconf 90' lang='lat' dir='ltr'>enim</span> <span class='ocrx_word' id='word_1_251' title='bbox 1104 2320 1172 2366; x_wconf 76' lang='lat' dir='ltr'>‘si</span> <span class='ocrx_word' id='word_1_252' title='bbox 1208 2320 1366 2368; x_wconf 90' lang='lat' dir='ltr'>omnis</span> <span class='ocrx_word' id='word_1_253' title='bbox 1400 2318 1547 2367; x_wconf 88' lang='lat' dir='ltr'>homo</span> <span class='ocrx_word' id='word_1_254' title='bbox 1592 2317 1768 2366; x_wconf 88' lang='lat' dir='ltr'>animal</span> <span class='ocrx_word' id='word_1_255' title='bbox 1815 2322 1966 2373; x_wconf 53' lang='lat' dir='ltr'>esum,</span> 
     </span>
     <span class='ocr_line' id='line_1_33' title="bbox 314 2387 1903 2442; baseline -0.003 -2"><span class='ocrx_word' id='word_1_256' title='bbox 314 2406 458 2440; x_wconf 88' lang='lat' dir='ltr'>omne</span> <span class='ocrx_word' id='word_1_257' title='bbox 495 2389 672 2440; x_wconf 89' lang='lat' dir='ltr'>animal</span> <span class='ocrx_word' id='word_1_258' title='bbox 697 2391 844 2439; x_wconf 90' lang='lat' dir='ltr'>homo</span> <span class='ocrx_word' id='word_1_259' title='bbox 873 2393 989 2442; x_wconf 84' lang='lat' dir='ltr'>est&#39;.</span> <span class='ocrx_word' id='word_1_260' title='bbox 1067 2389 1340 2439; x_wconf 87' lang='lat' dir='ltr'>uniuersale</span> <span class='ocrx_word' id='word_1_261' title='bbox 1376 2394 1538 2438; x_wconf 89' lang='lat' dir='ltr'>autem</span> <span class='ocrx_word' id='word_1_262' title='bbox 1577 2387 1903 2442; x_wconf 87' lang='lat' dir='ltr'>abdicatiuum</span> 
     </span>
    </p>
   </div>
   <div class='ocr_carea' id='block_1_4' title="bbox 317 2518 636 2525">
    <p class='ocr_par' dir='ltr' id='par_1_9' title="bbox 317 2518 636 2525">
     <span class='ocr_line' id='line_1_34' title="bbox 317 2518 636 2525; baseline 0 705"><span class='ocrx_word' id='word_1_263' title='bbox 317 2518 636 2525; x_wconf 95' lang='lat' dir='ltr'> </span> 
     </span>
    </p>
   </div>
   <div class='ocr_carea' id='block_1_5' title="bbox 313 2567 1906 2908">
    <p class='ocr_par' dir='ltr' id='par_1_10' title="bbox 313 2567 1906 2908">
     <span class='ocr_line' id='line_1_35' title="bbox 426 2567 1906 2626; baseline -0.005 -11"><span class='ocrx_word' id='word_1_264' title='bbox 426 2576 451 2615; x_wconf 86' lang='lat'>5</span> <span class='ocrx_word' id='word_1_265' title='bbox 483 2575 633 2614; x_wconf 84' lang='lat' dir='ltr'>cicero</span> <span class='ocrx_word' id='word_1_266' title='bbox 657 2577 728 2613; x_wconf 82' lang='lat' dir='ltr'>est</span> <span class='ocrx_word' id='word_1_267' title='bbox 749 2573 772 2612; x_wconf 85' lang='lat' dir='ltr'><strong><em>b</em></strong></span> <span class='ocrx_word' id='word_1_268' title='bbox 803 2573 953 2613; x_wconf 85' lang='lat' dir='ltr'>cicero</span> <span class='ocrx_word' id='word_1_269' title='bbox 974 2572 1055 2612; x_wconf 86' lang='lat' dir='ltr'>BR</span> <span class='ocrx_word' id='word_1_270' title='bbox 1111 2568 1130 2626; x_wconf 76' lang='grc' dir='ltr'>ΙΙ</span> <span class='ocrx_word' id='word_1_271' title='bbox 1189 2574 1212 2612; x_wconf 86' lang='grc'><strong>7</strong></span> <span class='ocrx_word' id='word_1_272' title='bbox 1254 2570 1467 2612; x_wconf 86' lang='lat' dir='ltr'>discimus</span> <span class='ocrx_word' id='word_1_273' title='bbox 1497 2570 1521 2611; x_wconf 81' lang='lat' dir='ltr'><em>b</em></span> <span class='ocrx_word' id='word_1_274' title='bbox 1556 2567 1580 2624; x_wconf 85' lang='grc' dir='ltr'>Π</span> <span class='ocrx_word' id='word_1_275' title='bbox 1636 2570 1660 2609; x_wconf 82' lang='lat'><strong>7</strong></span> <span class='ocrx_word' id='word_1_276' title='bbox 1681 2575 1724 2609; x_wconf 83' lang='lat' dir='ltr'>et</span> <span class='ocrx_word' id='word_1_277' title='bbox 1744 2570 1769 2609; x_wconf 87' lang='grc'><strong>9</strong></span> <span class='ocrx_word' id='word_1_278' title='bbox 1789 2572 1831 2608; x_wconf 80' lang='lat' dir='ltr'>et</span> <span class='ocrx_word' id='word_1_279' title='bbox 1853 2568 1906 2608; x_wconf 88' lang='lat'>10</span> 
     </span>
     <span class='ocr_line' id='line_1_36' title="bbox 315 2623 1906 2683; baseline -0.005 -12"><span class='ocrx_word' id='word_1_280' title='bbox 315 2630 702 2682; x_wconf 84' lang='lat' dir='ltr'>quemammodum</span> <span class='ocrx_word' id='word_1_281' title='bbox 721 2629 765 2669; x_wconf 89' lang='lat' dir='ltr'><em>B</em></span> <span class='ocrx_word' id='word_1_282' title='bbox 797 2630 815 2683; x_wconf 82' lang='grc' dir='ltr'>Η</span> <span class='ocrx_word' id='word_1_283' title='bbox 849 2630 874 2669; x_wconf 88' lang='grc'>8</span> <span class='ocrx_word' id='word_1_284' title='bbox 898 2630 1077 2681; x_wconf 86' lang='lat' dir='ltr'>possint</span> <span class='ocrx_word' id='word_1_285' title='bbox 1096 2629 1137 2667; x_wconf 88' lang='lat' dir='ltr'><em>B</em></span> <span class='ocrx_word' id='word_1_286' title='bbox 1164 2625 1183 2682; x_wconf 83' lang='grc' dir='ltr'>ΙΙ</span> <span class='ocrx_word' id='word_1_287' title='bbox 1219 2630 1270 2669; x_wconf 83' lang='lat'>13</span> <span class='ocrx_word' id='word_1_288' title='bbox 1294 2633 1392 2667; x_wconf 83' lang='lat' dir='ltr'>ante</span> <span class='ocrx_word' id='word_1_289' title='bbox 1412 2627 1552 2667; x_wconf 82' lang='lat' dir='ltr'>tertia</span> <span class='ocrx_word' id='word_1_290' title='bbox 1573 2627 1671 2666; x_wconf 86' lang='lat' dir='ltr'>add.</span> <span class='ocrx_word' id='word_1_291' title='bbox 1697 2623 1815 2676; x_wconf 90' lang='lat' dir='ltr'>quod</span> <span class='ocrx_word' id='word_1_292' title='bbox 1836 2626 1906 2664; x_wconf 80' lang='lat' dir='ltr'>est</span> 
     </span>
     <span class='ocr_line' id='line_1_37' title="bbox 313 2677 1902 2740; baseline -0.005 -13"><span class='ocrx_word' id='word_1_293' title='bbox 313 2687 599 2740; x_wconf 89' lang='lat' dir='ltr'>proloquium</span> <span class='ocrx_word' id='word_1_294' title='bbox 620 2685 701 2726; x_wconf 89' lang='lat' dir='ltr'>BR</span> <span class='ocrx_word' id='word_1_295' title='bbox 753 2682 773 2739; x_wconf 83' lang='lat' dir='ltr'>{l</span> <span class='ocrx_word' id='word_1_296' title='bbox 832 2687 883 2726; x_wconf 89' lang='grc'>19</span> <span class='ocrx_word' id='word_1_297' title='bbox 917 2684 1121 2725; x_wconf 87' lang='lat' dir='ltr'>ambulat</span> <span class='ocrx_word' id='word_1_298' title='bbox 1152 2684 1175 2724; x_wconf 85' lang='lat' dir='ltr'><em>b</em></span> <span class='ocrx_word' id='word_1_299' title='bbox 1207 2683 1377 2724; x_wconf 82' lang='lat' dir='ltr'>animal</span> <span class='ocrx_word' id='word_1_300' title='bbox 1408 2687 1479 2724; x_wconf 79' lang='lat' dir='ltr'>est</span> <span class='ocrx_word' id='word_1_301' title='bbox 1506 2682 1588 2722; x_wconf 88' lang='lat' dir='ltr'>BR</span> <span class='ocrx_word' id='word_1_302' title='bbox 1625 2677 1647 2735; x_wconf 86' lang='lat' dir='ltr'>ss</span> <span class='ocrx_word' id='word_1_303' title='bbox 1700 2682 1754 2720; x_wconf 78' lang='lat'>22</span> <span class='ocrx_word' id='word_1_304' title='bbox 1787 2691 1902 2732; x_wconf 83' lang='lat' dir='ltr'>quae</span> 
     </span>
     <span class='ocr_line' id='line_1_38' title="bbox 316 2733 1904 2796; baseline -0.006 -13"><span class='ocrx_word' id='word_1_305' title='bbox 316 2744 529 2795; x_wconf 85' lang='lat' dir='ltr'>quoniam</span> <span class='ocrx_word' id='word_1_306' title='bbox 560 2742 601 2781; x_wconf 90' lang='lat' dir='ltr'><em>B</em></span> <span class='ocrx_word' id='word_1_307' title='bbox 647 2754 760 2796; x_wconf 67' lang='lat' dir='ltr'>quae</span> <span class='ocrx_word' id='word_1_308' title='bbox 795 2742 1008 2792; x_wconf 87' lang='lat' dir='ltr'>quoniam</span> <span class='ocrx_word' id='word_1_309' title='bbox 1029 2741 1067 2781; x_wconf 87' lang='lat' dir='ltr'><em>R</em></span> <span class='ocrx_word' id='word_1_310' title='bbox 1105 2743 1150 2780; x_wconf 80' lang='lat' dir='ltr'>et</span> <span class='ocrx_word' id='word_1_311' title='bbox 1180 2740 1393 2792; x_wconf 88' lang='lat' dir='ltr'>quoniam</span> <span class='ocrx_word' id='word_1_312' title='bbox 1428 2739 1450 2778; x_wconf 81' lang='lat' dir='ltr'><em>b</em></span> <span class='ocrx_word' id='word_1_313' title='bbox 1508 2735 1527 2791; x_wconf 84' lang='grc' dir='ltr'>ΙΙ</span> <span class='ocrx_word' id='word_1_314' title='bbox 1584 2738 1638 2778; x_wconf 81' lang='lat'>26</span> <span class='ocrx_word' id='word_1_315' title='bbox 1679 2735 1835 2789; x_wconf 78' lang='lat' dir='ltr'>qualia</span> <span class='ocrx_word' id='word_1_316' title='bbox 1861 2733 1904 2774; x_wconf 92' lang='lat' dir='ltr'><em>B</em></span> 
     </span>
     <span class='ocr_line' id='line_1_39' title="bbox 316 2791 1905 2851; baseline -0.004 -12"><span class='ocrx_word' id='word_1_317' title='bbox 316 2800 424 2851; x_wconf 87' lang='lat' dir='ltr'>quia</span> <span class='ocrx_word' id='word_1_318' title='bbox 454 2799 476 2838; x_wconf 83' lang='lat' dir='ltr'><em>b</em></span> <span class='ocrx_word' id='word_1_319' title='bbox 513 2811 700 2851; x_wconf 84' lang='lat' dir='ltr'>quarum</span> <span class='ocrx_word' id='word_1_320' title='bbox 731 2797 827 2838; x_wconf 85' lang='lat' dir='ltr'>alia</span> <span class='ocrx_word' id='word_1_321' title='bbox 850 2798 886 2838; x_wconf 82' lang='lat' dir='ltr'><em>R</em></span> <span class='ocrx_word' id='word_1_322' title='bbox 938 2794 956 2851; x_wconf 81' lang='grc' dir='ltr'>Η</span> <span class='ocrx_word' id='word_1_323' title='bbox 1011 2797 1161 2837; x_wconf 79' lang='lat' dir='ltr'>altera</span> <span class='ocrx_word' id='word_1_324' title='bbox 1193 2795 1459 2836; x_wconf 79' lang='lat' dir='ltr'>abdicatiua</span> <span class='ocrx_word' id='word_1_325' title='bbox 1479 2793 1560 2834; x_wconf 79' lang='lat' dir='ltr'>BR</span> <span class='ocrx_word' id='word_1_326' title='bbox 1596 2792 1688 2832; x_wconf 82' lang='lat' dir='ltr'>alia</span> <span class='ocrx_word' id='word_1_327' title='bbox 1717 2791 1905 2833; x_wconf 57' lang='lat' dir='ltr'>abdica-</span> 
     </span>
     <span class='ocr_line' id='line_1_40' title="bbox 314 2846 1902 2908; baseline -0.004 -15"><span class='ocrx_word' id='word_1_328' title='bbox 314 2856 410 2894; x_wconf 81' lang='lat' dir='ltr'>tiua</span> <span class='ocrx_word' id='word_1_329' title='bbox 432 2869 456 2895; x_wconf 82' lang='lat' dir='ltr'>r</span> <span class='ocrx_word' id='word_1_330' title='bbox 495 2852 513 2908; x_wconf 81' lang='grc' dir='ltr'><strong>Π</strong></span> <span class='ocrx_word' id='word_1_331' title='bbox 552 2856 605 2895; x_wconf 79' lang='lat'>29</span> <span class='ocrx_word' id='word_1_332' title='bbox 637 2854 830 2907; x_wconf 87' lang='lat' dir='ltr'>quemad</span> <span class='ocrx_word' id='word_1_333' title='bbox 850 2854 890 2904; x_wconf 66' lang='grc' dir='ltr'>(ᾗ</span> <span class='ocrx_word' id='word_1_334' title='bbox 904 2853 960 2903; x_wconf 84' lang='grc' dir='ltr'>Β)</span> <span class='ocrx_word' id='word_1_335' title='bbox 977 2853 1155 2893; x_wconf 90' lang='lat' dir='ltr'>modum</span> <span class='ocrx_word' id='word_1_336' title='bbox 1179 2854 1503 2893; x_wconf 77' lang='lat' dir='ltr'>conuertantur</span> <span class='ocrx_word' id='word_1_337' title='bbox 1523 2854 1620 2890; x_wconf 80' lang='lat' dir='ltr'>ante</span> <span class='ocrx_word' id='word_1_338' title='bbox 1641 2846 1902 2888; x_wconf 79' lang='lat' dir='ltr'>uniuersale</span> 
     </span>
    </p>
   </div>
   <div class='ocr_carea' id='block_1_6' title="bbox 315 2907 581 2965">
    <p class='ocr_par' dir='ltr' id='par_1_11' title="bbox 315 2907 581 2965">
     <span class='ocr_line' id='line_1_41' title="bbox 315 2907 581 2965; baseline 0.004 -15"><span class='ocrx_word' id='word_1_339' title='bbox 315 2912 415 2950; x_wconf 66' lang='lat' dir='ltr'>aad.</span> <span class='ocrx_word' id='word_1_340' title='bbox 438 2911 523 2951; x_wconf 85' lang='lat' dir='ltr'>BD</span> <span class='ocrx_word' id='word_1_341' title='bbox 561 2907 581 2965; x_wconf 74' lang='grc' dir='ltr'>ῃ</span> 
     </span>
    </p>
   </div>
  </div>
 </body>
</html>
