1982 3230
766 112 952 154 LIBER
982 111 1029 153 11
1628 107 1700 162 45

22 253 26 294 f
91 275 187 326 que
230 259 352 310 haec
395 258 552 306 omnis
587 256 716 306 aeris
762 270 788 304 a
825 254 940 304 luna
976 254 1169 304 diffusio
1215 253 1305 303 sub
1342 253 1563 304 Plutonis
1609 266 1699 316 po-

90 337 264 382 testate
300 328 541 383 consistit,
571 327 653 391 qui
681 326 823 376 etiam
853 326 1152 375 Summanus
1186 325 1362 375 dicitur
1388 325 1527 389 quasi
1562 338 1696 373 sum-

90 416 202 452 mus
226 400 455 450 Manium.
517 397 596 446 hic
622 397 783 455 Luna,
813 411 938 462 quae
964 396 1079 445 huic
1105 398 1210 445 aeri
1246 402 1466 460 praeest,
1495 396 1698 445 Proser-

90 473 206 538 pina
239 474 557 520 memoratur.
620 483 796 517 uerum
830 466 900 516 illi
933 466 1102 517 Manes
1137 468 1367 532 quoniam
1404 465 1699 531 corporibus

49 542 175 592 ziuo
209 548 434 606 tempore
467 539 754 589 tribuuntur
789 552 887 602 quo
923 537 975 586 fit
1021 538 1180 601 prima
1216 539 1500 602 conceptiO,
1548 538 1700 586 etiam

8 656 13 666 .
90 618 203 679 post
221 614 372 663 uitam
391 610 548 660 isdem
566 608 858 675 corporibus
871 607 1179 658 delectantur
1200 614 1345 672 atque
1366 623 1478 658 cum
1500 607 1576 656 his
1595 623 1700 657 ma·

15 683 19 687 ’
89 689 265 734 nentes
291 681 519 746 appellati
545 681 796 731 LemureS.
866 680 948 744 qui
973 680 1015 729 si
1041 680 1172 729 uitae
1199 680 1381 743 prioris
1415 678 1569 728 adiuti
1594 679 1700 727 fue-

90 756 192 804 rint
224 754 479 803 honestate
514 754 564 801 in
599 752 751 801 Lares
785 750 1045 800 domorum
1082 749 1381 815 urbiumque
1420 755 1699 799 uertuntur.

19 815 25 868 Ῑ
92 826 133 874 si
167 832 330 875 autem
368 823 699 888 deprauantur
728 837 787 871 ex
823 835 1035 886 corpore
1061 821 1252 871 Laruae
1287 820 1615 886 perhibentur
1643 835 1700 869 ac

29 904 71 939 10
91 895 294 948 Maniae.
340 895 508 944 Manes
533 895 679 958 igitur
704 893 784 942 hic
809 899 910 942 tam
935 892 1054 941 boni
1081 907 1226 956 quam
1253 900 1416 942 truces
1442 897 1556 940 sunt
1583 906 1700 941 con-

91 968 256 1028 stituti,
285 981 409 1031 quos
436 962 671 1026 ἀγαθούς
699 970 746 1013 et
771 962 966 1014 κακοὺς
992 961 1249 1025 δαίμονα(
1285 968 1529 1012 memorat
1555 963 1700 1014 Graia

22 1091 32 1102 ν
93 1038 342 1087 discretio,
404 1037 453 1085 in
481 1036 555 1085 his
594 1036 739 1084 etiam
776 1034 897 1083 locis
924 1033 1215 1083 Summanes
1253 1049 1523 1099 eorumque
1557 1049 1701 1098 prae-

93 1109 230 1158 stites
254 1107 398 1157 Mana
424 1112 568 1171 atque
588 1106 867 1164 Mantuona‚
894 1104 942 1153 di
969 1104 1113 1154 etiam
1141 1119 1265 1169 quos
1290 1103 1488 1169 Aquilos
1515 1104 1699 1162 dicunt,

93 1179 212 1228 item
238 1178 367 1227 Fura
401 1177 438 1226 F
443 1179 682 1242 urinaque
718 1183 766 1225 et
802 1182 959 1225 mater
994 1175 1150 1224 Mania
1188 1176 1616 1241 Intemperiaeque
1654 1182 1703 1226 et

32 1258 73 1292 15
96 1248 175 1299 alii
207 1248 397 1313 thripes
434 1248 662 1297 diuorum
709 1246 909 1309 degunt.
985 1247 1117 1295 circa
1152 1246 1312 1310 ipsum
1357 1263 1480 1296 uero
1528 1253 1696 1296 terrae

94 1318 333 1369 circulum
361 1333 445 1368 aer
472 1334 532 1366 ex
559 1316 722 1367 calore
759 1331 941 1381 supero
969 1323 1116 1381 atque
1144 1317 1371 1366 exhalatu
1397 1317 1701 1382 madoreque

94 1389 257 1439 infero
283 1388 560 1438 turbidatus
596 1387 905 1451 egredientes
941 1387 1234 1452 corporibus
1269 1389 1455 1438 animas
1486 1388 1702 1454 quodam

94 1461 266 1510 fluenti
290 1466 428 1509 aestu
456 1458 693 1508 collidens
718 1473 818 1507 non
844 1457 987 1508 facile
1012 1458 1196 1523 patitur
1222 1457 1436 1509 euolare.
1489 1459 1704 1524 hincque

94 1537 307 1580 tractum
325 1528 791 1595 Pyriphlegethonta
818 1529 1034 1579 sollertia
1060 1531 1284 1594 poeticae
1311 1529 1704 1580 adumbrationis

33 1612 77 1646 20
99 1600 259 1652 allusit
285 1608 431 1666 atque
455 1603 506 1649 in
534 1616 591 1650 eo
618 1601 827 1666 perenni
854 1601 1059 1664 strepitu
1084 1599 1299 1651 uolutata
1328 1600 1578 1651 colliditur
1599 1602 1702 1651 ani-

95 1687 305 1729 marum,
324 1686 446 1736 quas
466 1670 644 1721 Vedius
673 1671 979 1727 adiudicarit‚
1006 1672 1230 1735 impietas
1264 1671 1334 1739 [id
1358 1678 1431 1721 est
1460 1669 1702 1739 <Pluton]

97 1758 244 1808 quem
282 1746 428 1792 etiam
466 1742 623 1791 Ditem
661 1741 994 1807 Veiouemque
1040 1742 1224 1792 dixere.
1303 1743 1462 1806 ipsam
1507 1758 1706 1809 quoque

96 1821 282 1863 terram
318 1829 414 1878 qua
448 1811 734 1861 hominibus
768 1813 899 1861 inuia
936 1818 1010 1862 est
1044 1812 1317 1862 referciunt
1350 1812 1706 1878 longaeuorum

100 1884 262 1941 chori,
299 1884 383 1947 qui
418 1882 639 1932 habitant
682 1882 831 1932 siluas
866 1898 1069 1932 nemora
1103 1882 1243 1934 lucos
1280 1883 1416 1934 lacus
1451 1884 1612 1934 fontes
1648 1900 1707 1934 ac

34 1966 78 2000 25
101 1954 279 2005 fluuios
313 1952 719 2018 appellanturque
746 1954 902 2003 Panes
928 1954 1084 2003 Fauni
1110 1954 1293 2004 Fontes
1330 1955 1491 2020 Satyri
1518 1954 1707 2005 Siluani

98 2024 353 2090 Nymphae
387 2023 529 2073 Fatui
563 2025 844 2088 Fatuaeque
880 2024 960 2073 uel
997 2024 1215 2074 Fantuae
1252 2025 1332 2075 uel
1368 2027 1515 2076 etiam
1542 2027 1707 2077 Fanae

102 2112 129 2146 a
154 2094 333 2160 quibus
358 2095 470 2144 sana
498 2094 622 2144 dicta
650 2095 782 2159 quod
807 2094 998 2145 soleant
1023 2095 1260 2146 diuinare.
1317 2096 1368 2146 hi
1395 2112 1568 2147 omnes
1593 2105 1706 2164 post

99 2164 344 2230 prolixum
366 2180 542 2215 aeuum
569 2168 848 2216 moriuntur
874 2172 927 2216 ut
952 2166 1177 2216 homines
1197 2167 1282 2217 sed
1301 2173 1467 2217 tamen
1496 2174 1542 2218 et
1561 2184 1706 2234 prae-

99 2236 285 2286 sciendi
312 2242 361 2285 et
394 2236 676 2286 incursandi
708 2243 754 2287 et
789 2237 999 2286 nocendi
1035 2237 1220 2287 habent
1253 2240 1705 2302 praesentissimam

34 2320 79 2354 :30
100 2313 409 2372 potestatem.
474 2308 602 2357 inter
634 2308 826 2371 priores
860 2309 1007 2372 igitur
1035 2309 1217 2359 Genios
1252 2316 1336 2359 tua
1375 2309 1536 2360 adhuc
1570 2326 1705 2360 mor-

100 2376 213 2427 talis
238 2378 445 2440 uirginis
471 2377 583 2427 diua
611 2379 858 2428 consistet.
898 2394 1013 2428 nam
1039 2395 1204 2429 eccam
1231 2380 1320 2429 tibi
1346 2380 1562 2433 aetheria
1584 2382 1707 2431 Iuno

215 2579 240 2616 2
273 2578 520 2617 submanus
542 2575 579 2615 R
626 2572 646 2629 Η
694 2578 719 2617 3
751 2588 966 2617 manuum
994 2575 1113 2618 B¹R¹
1153 2573 1172 2631 Η
1222 2579 1248 2618 5
1288 2580 1574 2632 conceptiob
1599 2592 1705 2620 con-

103 2633 222 2674 eetio
247 2632 289 2672 B
321 2632 554 2673 concestio
573 2632 609 2671 le
639 2634 878 2686 congestio
898 2647 923 2673 r
956 2630 975 2688 Η
1015 2634 1040 2674 6
1061 2633 1283 2674 hisdemB
1319 2632 1338 2688 ΙΙ
1376 2637 1402 2675 9
1433 2635 1596 2676 Iarbae
1614 2637 1652 2676 R
1671 2633 1693 2691 [Ι

41 2742 42 2745 ¹
105 2691 156 2729 11
181 2689 375 2742 agathos
397 2692 443 2730 et
463 2701 602 2729 cacos
624 2688 840 2730 demonas
872 2686 1140 2741 (daemonas
1161 2691 1215 2741 B.)
1239 2690 1321 2731 BR
1357 2688 1378 2746 Η
1419 2693 1471 2731 14
1500 2692 1709 2734 furiana-

103 2757 189 2798 que
211 2745 293 2796 BR
312 2746 568 2798 furonaque
590 2745 613 2785 b
643 2742 663 2799 ΙΙ
700 2747 751 2786 15
773 2745 948 2799 thripes
973 2746 1144 2787 Grotius
1164 2748 1327 2800 triptes
1349 2747 1430 2788 BR
1469 2745 1476 2803 l
1515 2751 1566 2790 16
1598 2762 1708 2790 exa.-

102 2800 206 2842 latu
221 2801 302 2842 BR
329 2799 347 2855 Π
377 2803 429 2842 19
458 2801 875 2855 pyrphlegethonta
893 2802 975 2842 BR
1001 2797 1020 2856 H
1054 2804 1110 2843 20
1140 2803 1421 2856 perhenniB
1448 2801 1454 2858 Ι
1495 2807 1546 2845 21
1570 2806 1615 2846 id
1638 2810 1710 2848 est

104 2855 271 2898 Pluton
291 2859 444 2899 deleuit
464 2859 635 2899 Grotius
674 2857 692 2912 ΙΙ
727 2860 780 2899 22
812 2860 1107 2910 uiouemque
1130 2860 1170 2899 D
1206 2857 1223 2913 Η
1259 2861 1312 2900 25
1351 2860 1536 2912 syluani
1560 2862 1644 2903 BD
1672 2859 1692 2917 ΙΙ

105 2913 162 2954 26
197 2914 444 2966 nymfaeB
475 2915 687 2969 nimphae
711 2917 750 2956 D
797 2912 816 2969 ΙΙ
864 2917 917 2956 27
950 2915 1014 2955 hii
1039 2915 1079 2954 B
1127 2912 1146 2969 Η
1195 2918 1245 2957 31
1280 2930 1438 2958 eccum
1461 2918 1503 2958 B
1539 2916 1558 2974 [J

1733 476 1813 516 162

1734 831 1814 871 163

1735 1044 1817 1084 164

1734 1256 1814 1297 165

1736 1471 1817 1510 166

1736 1684 1789 1722 41
1813 1683 1848 1723 G

1739 1755 1817 1795 167

1740 2321 1820 2361 168
