1982 3230
0 0 147 156 Γ
765 98 953 139 LIBER
980 96 1070 139 vn
1623 91 1735 147 259

0 155 13 189 g

0 194 16 231 y,

115 256 243 293 uero
270 241 441 291 eadem
478 241 674 297 iustitia,
703 239 832 304 quod
861 238 1056 289 duobus
1093 239 1263 303 aequis
1298 237 1510 303 gaudeat
1542 237 1732 303 pariter

118 313 420 378 ponderatis,
461 311 732 374 eademque
760 311 982 366 societaS‚
1010 309 1141 374 quod
1169 308 1421 359 uinculum
1443 324 1539 374 quo
1566 308 1728 358 media

122 387 446 434 conectantur
471 380 712 431 habeatur
739 382 989 446 utrimque
1017 395 1294 429 commune.
1345 378 1406 429 ab
1435 379 1528 429 hac
1554 394 1728 430 nume·

119 467 208 504 rus
258 453 541 518 auspicatur
592 457 640 501 et
698 458 767 500 est
823 450 1083 514 opinabilis
1135 452 1418 514 corporatio
1469 457 1731 514 motusque

75 537 98 570 5
121 525 270 589 primi
295 522 692 588 probamentum.
756 521 1114 571 elementorum
1145 522 1290 571 etiam
1318 527 1500 571 mater:
1530 536 1640 570 nam
1669 520 1731 570 de

120 594 277 662 dyade
303 600 511 660 quartus
539 593 896 643 elementorum
928 590 1096 659 [etiam
1127 589 1308 656 mater]
1346 606 1585 641 numerus
1615 606 1731 656 pro-

116 671 329 722 creatur,
356 667 614 730 primaque
643 665 799 712 forma
825 664 1046 727 paritatis
1074 668 1162 712 est.
1750 694 1840 734 239
1853 693 1891 736 G

259 747 428 787 TRIAS
451 751 572 786 uero
592 735 826 800 princeps
853 734 1096 798 inparium
1125 748 1361 783 uumerus
1381 734 1730 798 perfectusque
1764 751 1846 792 733

121 807 412 858 censendus.
476 821 590 856 nam
617 806 755 869 prior
781 806 973 854 initium
1001 804 1219 854 medium
1248 804 1497 868 finemque
1524 805 1731 854 sortitur

1 908 5 913 <
55 890 96 922 10
121 884 171 928 et
195 884 420 928 centrum
448 877 725 927 medietatis
752 875 810 925 ad
850 877 1040 924 initium
1067 876 1315 940 finemque
1352 876 1727 926 interstitiorum

118 948 410 1012 aequalitate
459 949 708 1012 conponit.
785 947 997 1010 denique
1034 946 1153 995 Fata
1191 947 1572 1012 Gratiarumque
1617 961 1728 1011 ger-

117 1022 329 1070 manitas
356 1026 402 1069 et
430 1019 670 1082 quaedam
697 1018 863 1081 uirgo,
902 1032 1047 1081 quam
1077 1017 1245 1066 dicunt
1271 1017 1526 1082 ‘caeloque
1554 1016 1729 1068 erebo·

121 1106 217 1155 que
243 1094 516 1155 potentem’
543 1090 657 1138 huic
691 1103 900 1138 numero
930 1087 1204 1152 colligatur.
1270 1104 1326 1137 ex
1356 1103 1414 1138 eo
1442 1090 1588 1138 etiam
1614 1103 1728 1153 per-

121 1160 279 1211 fectus
315 1161 443 1226 quod
490 1160 739 1226 perfectos
782 1161 940 1223 gignit
984 1160 1232 1209 senarium
1285 1161 1728 1223 nouenariumque.

0 1268 3 1271 ,
55 1243 97 1275 15
123 1233 262 1282 cuius
299 1233 518 1295 auspicio
546 1246 722 1296 preces
747 1232 892 1279 tertio
919 1245 975 1279 ac
1002 1229 1231 1278 libamina
1249 1236 1568 1294 repetuntur.
1629 1237 1731 1279 tres

117 1302 434 1367 symphonias
472 1303 691 1351 continet
726 1300 980 1349 harmonia
1017 1300 1064 1348 id
1094 1307 1167 1350 est
1194 1300 1429 1365 diapason
1464 1299 1728 1350 hemiolion

117 1373 437 1423 diatessaron.
514 1374 563 1420 in
608 1373 698 1420 tria
736 1386 788 1420 se
823 1371 977 1436 spatia
1024 1371 1259 1435 temporis
1304 1386 1478 1420 cursus
1517 1371 1730 1421 alternat

119 1444 327 1509 ideoque
352 1442 512 1492 tribus
539 1443 774 1492 diuinatio
802 1448 1122 1491 memoratur.
1185 1442 1312 1491 idem
1343 1442 1588 1491 mundana
1614 1456 1729 1505 per-

118 1516 266 1565 fectio
294 1522 382 1564 est.
442 1528 553 1563 nam
591 1513 853 1562 monadem
883 1512 1166 1562 fabricatori
1194 1513 1312 1569 deo,
1342 1512 1548 1578 dyadem
1577 1520 1728 1562 mate-

51 1596 95 1629 20
120 1587 221 1636 riae
234 1586 533 1651 procreanti‚
550 1584 756 1634 triadem
778 1582 1016 1633 idealibus
1033 1585 1202 1632 formis
1218 1590 1580 1648 consequenter
1593 1592 1730 1647 apta-

118 1672 245 1706 mus.
300 1657 510 1704 animam
540 1671 660 1705 uero
681 1656 888 1704 rationis
916 1660 962 1704 et
982 1654 1265 1704 iracundiae
1294 1653 1730 1719 cupiditatis-<que

119 1725 416 1776 distribuere
442 1727 659 1790 trigari0.

258 1796 383 1854 Quid
412 1808 730 1846 TETRADEM
758 1796 946 1845 dicam?
972 1797 1020 1844 in
1051 1811 1144 1860 qua
1173 1794 1429 1846 soliditatis
1456 1802 1590 1846 certa
1610 1811 1725 1860 per·
1760 1804 1846 1846 '¹134

117 1867 279 1917 fec-tio,
357 1882 469 1916 nam
507 1883 563 1917 ex
604 1866 912 1930 longitudine
950 1881 1006 1915 ac
1050 1866 1384 1930 profunditate
1431 1869 1727 1931 conponitur

53 1948 96 1981 25
120 1938 366 2003 decasque
393 1937 535 2002 plena
563 1938 638 1987 his
665 1943 896 2001 quattuor
922 1938 1142 1986 numeris
1168 1936 1407 2001 gradatIm
1436 1937 1628 2001 plicatis
1653 1939 1726 1987 in-

119 2015 356 2074 tegratur,
386 2008 432 2057 id
462 2014 534 2057 est
560 2023 660 2058 uno
698 2007 890 2057 duobus
925 2006 1085 2057 tribus
1113 2014 1361 2071 quattuor.
1437 2011 1552 2058 item
1580 2008 1726 2059 heca-

117 2086 279 2129 tontas
314 2095 339 2128 a
369 2078 552 2129 decade
591 2080 905 2144 quaternario
944 2078 1221 2128 cumulatur
1257 2078 1304 2127 id
1335 2084 1409 2128 est
1445 2080 1617 2130 decem
1653 2082 1725 2130 ui-

119 2151 241 2215 ginti
278 2151 472 2213 triginta
513 2150 860 2214 quadraginta,
900 2150 983 2212 qui
1020 2155 1135 2199 sunt
1171 2156 1383 2199 centum.
1463 2157 1511 2200 et
1544 2152 1660 2200 item
1701 2168 1727 2201 a

119 2216 316 2271 centum
345 2226 579 2286 quattuor
604 2221 799 2270 numeri
834 2220 1049 2269 reddunt
1074 2219 1206 2270 mille
1234 2221 1280 2269 id
1310 2227 1382 2270 est
1410 2228 1609 2271 centum
1638 2222 1727 2271 du-

51 2303 95 2336 30
119 2293 249 2342 centi
273 2292 483 2341 trecenti
507 2291 868 2356 quadringenti.
909 2292 979 2341 sic
1000 2291 1170 2341 decem
1192 2290 1323 2340 milia
1353 2296 1616 2357 ceteraque
1644 2307 1726 2341 ex-

232 2462 254 2501 1
288 2467 385 2501 ante
418 2460 537 2513 quod
565 2462 665 2501 add.
688 2471 744 2499 --z-
765 2460 788 2500 b
837 2457 856 2513 ΙΙ
904 2462 929 2499 2
961 2461 1110 2500 medio
1135 2459 1233 2501 B¹R
1282 2458 1300 2514 Η
1349 2462 1375 2501 5
1408 2460 1727 2501 elimentorum

116 2516 176 2558 B¹
209 2517 403 2558 aliorum
424 2530 557 2570 supra
580 2518 678 2558 add.
702 2517 724 2556 b
765 2513 783 2569 Η
822 2518 848 2556 6
880 2515 1014 2557 diade
1035 2517 1073 2556 R
1112 2514 1132 2571 ss
1182 2519 1319 2558 etiam
1352 2521 1501 2557 mater
1522 2530 1599 2558 om.
1619 2531 1650 2569 p
1689 2514 1708 2572 ss

115 2587 222 2615 nam
245 2580 343 2615 ante
370 2586 583 2615 numerus
615 2574 717 2615 add.
739 2571 797 2611 B¹
839 2568 858 2626 Η
898 2574 949 2612 12
988 2574 1117 2626 Very.
1138 2574 1248 2615 Aen.
1275 2573 1345 2613 Vl
1364 2575 1451 2613 247
1491 2570 1508 2626 ΙΙ
1551 2574 1603 2613 16
1634 2574 1729 2614 sin-

117 2630 269 2672 fonias
289 2630 332 2670 B
361 2630 655 2684 symphonias
677 2630 700 2669 b
733 2628 1000 2681 sinphonias
1020 2629 1059 2669 R
1105 2627 1124 2683 ΙΙ
1172 2630 1379 2670 armonia
1400 2629 1483 2670 BR
1521 2626 1539 2683 ΙΙ
1588 2631 1726 2671 emio-

118 2687 214 2728 lion
241 2687 306 2728 bR
337 2687 534 2728 emolion
556 2685 597 2725 B
646 2683 667 2739 Η
715 2687 764 2725 17
798 2686 887 2725 tria
918 2697 967 2725 se
998 2685 1040 2724 B
1070 2688 1187 2726 trias
1217 2687 1255 2726 R
1303 2683 1321 2738 ΙΙ
1372 2685 1582 2727 alternae
1603 2687 1642 2727 R
1690 2684 1709 2741 Η

122 2745 174 2785 19
203 2746 416 2784 materiei
447 2745 470 2785 b
510 2739 529 2797 ΙΙ
569 2744 624 2783 20
652 2739 927 2795 procreandi
958 2741 981 2780 b
1020 2738 1039 2795 ss
1085 2743 1139 2781 22
1170 2742 1362 2794 trigario
1387 2742 1558 2783 Grotius
1586 2743 1728 2784 trica·

119 2802 187 2842 rio
218 2799 319 2841 BR.
348 2797 367 2854 ΙΙ
415 2803 470 2841 25
501 2800 693 2852 plicatis
715 2798 887 2839 Monac.
912 2800 936 2837 1
976 2798 1151 2850 plicitis
1173 2798 1259 2838 BD
1295 2795 1316 2852 Η
1364 2801 1419 2840 26
1448 2811 1586 2840 unum
1618 2800 1641 2840 b
1689 2798 1710 2854 ss

119 2861 215 2899 tres
237 2855 320 2896 BD
341 2860 456 2900 corr.
477 2870 507 2910 p
546 2853 565 2910 ΙΙ
606 2858 880 2896 necatontas
901 2853 943 2893 B
975 2854 1221 2895 ekatontas
1243 2855 1284 2895 D
1322 2852 1341 2909 Η

1285 2925 1388 2978 17*
