1982 3230
785 100 973 142 LIBER
1003 101 1043 142 v
1603 96 1707 150 159

94 250 236 309 parte
261 243 321 293 ad
357 248 549 308 partem
588 247 812 291 sumatur
847 242 1104 293 ostendam
1142 243 1204 291 ‘si
1239 241 1393 306 pedes
1426 241 1469 290 si
1502 239 1705 290 brachia

96 315 226 364 tueri
251 313 502 371 debemuS‚
529 313 699 378 utique
725 311 895 363 oculos
921 313 1201 378 diligentius
1222 313 1519 363 asseruare'.
1567 311 1706 362 cuius

96 385 372 450 argumenti
396 382 509 433 loco
544 383 805 434 incurrere
842 383 1104 449 aliquando
1132 390 1182 433 et
1206 382 1329 434 alius
1354 388 1540 449 potest,
1567 382 1653 448 qui
1679 397 1704 431 a

91 455 283 506 'maiore
325 454 385 504 ad
428 454 592 503 minus
637 453 832 504 dicitur.
920 469 1013 504 nec
1055 460 1220 504 tamen
1263 454 1376 504 ideo
1420 451 1707 519 principalis
1724 456 1862 499 1576

51 536 74 569 ⁵
97 525 373 590 argumenti
410 525 535 575 ratio
562 523 899 589 perturbatur,
928 525 1040 589 quia
1067 524 1308 590 geminari
1338 523 1600 589 aliquando
1627 539 1706 573 ar-

94 601 327 661 gumenta
370 600 546 645 natura
583 596 836 660 permittit.
910 595 1008 645 hoc
1044 609 1203 661 paene
1239 595 1530 657 contingere
1575 600 1623 643 et
1656 595 1706 643 in

93 667 265 731 figuris
300 664 448 723 solet,
486 665 548 716 de
583 665 762 731 quibus
797 671 969 731 postea
1006 665 1150 716 nobis
1177 666 1271 714 erit
1296 664 1578 715 dicendum.
1653 664 1707 713 fit
1736 671 1822 712 482

94 751 195 787 non
219 751 489 802 numquam
527 741 575 786 et
602 735 703 804 [in]
733 737 829 786 hoc
856 735 1003 786 modo
1031 752 1058 786 a
1088 735 1313 800 partibus
1339 741 1705 800 argumentum,

94 822 205 858 cum
232 806 432 857 inducta
458 808 723 871 partitione
751 814 798 857 et
823 809 1091 873 propositis
1120 806 1345 872 partibus
1372 805 1600 870 pluribus
1626 820 1707 854 ce-

29 879 213 928 leteris
261 877 487 927 refutatis
529 876 740 944 aliquam
786 877 1128 928 concludimus
1171 883 1363 942 partem
1410 878 1459 926 in
1500 893 1597 943 qua
1648 878 1711 925 sit

93 949 316 1014 quaestio
344 950 622 1006 constituta,
650 955 704 998 ut
729 950 771 998 si
792 948 927 997 dicas
952 952 1155 1014 ‘equum
1187 949 1336 1004 hunc,
1361 963 1509 1013 quem
1535 946 1706 1002 habes,

94 1025 181 1070 aut
206 1019 365 1069 emisti
392 1026 475 1069 aut
501 1018 631 1068 dono
658 1020 892 1084 accepisti
922 1025 1006 1068 aut
1031 1025 1176 1068 natus
1204 1024 1276 1069 est
1303 1019 1435 1068 domi
1461 1023 1547 1068 aut
1571 1017 1707 1067 fura·

93 1098 175 1140 tus
202 1105 270 1140 eS.
348 1104 450 1140 non
477 1096 643 1140 autem
671 1090 831 1139 emisti
856 1104 951 1139 nec
990 1090 1121 1139 dono
1147 1089 1237 1139 tibi
1276 1089 1419 1139 datus
1447 1094 1520 1139 est
1546 1103 1708 1154 neque

92 1166 238 1210 natus
264 1167 338 1211 est
363 1160 521 1210 domi:
558 1160 751 1210 furatus
778 1176 830 1211 es
863 1161 1049 1225 igitur'.
1125 1175 1151 1209 a
1177 1170 1338 1211 NOTA
1363 1159 1444 1210 uel
1480 1170 1707 1209 ETYMo·
1737 1165 1829 1208 483

30 1240 73 1274 15
95 1241 302 1288 LOGIA,
337 1237 392 1281 ut
426 1231 604 1281 Graeci
638 1231 829 1287 dicunt,
869 1233 1109 1281 sumimus
1143 1236 1493 1295 argumentum
1531 1231 1601 1279 sic
1637 1231 1708 1278 ‘si

95 1300 269 1351 consul
307 1307 381 1351 est
412 1303 498 1366 qui
534 1300 746 1351 consulit
785 1302 859 1351 rei
904 1300 1158 1366 publicae,
1196 1302 1314 1367 quid
1349 1300 1484 1351 aliud
1519 1299 1709 1350 Tullius

94 1372 210 1422 fecit
246 1387 357 1421 cum
386 1372 565 1421 adfecit
588 1371 830 1437 supplicio
867 1372 1210 1422 coniuratos‘Z'
1246 1386 1344 1437 quo
1381 1372 1431 1420 in
1470 1370 1581 1421 loco
1608 1372 1707 1420 ori-

94 1444 260 1506 ginem
295 1441 527 1492 uocabuli
562 1448 751 1492 tantum
789 1448 987 1507 oportet
1023 1443 1294 1493 attendere.
1370 1442 1431 1492 ab
1467 1442 1547 1492 his
1582 1457 1707 1492 uero
1738 1449 1828 1490 484

94 1527 222 1577 quae
256 1514 508 1578 negotium
543 1513 775 1563 uidentur
811 1515 1080 1577 attingere,
1130 1519 1421 1577 argumenta
1458 1513 1708 1563 ducuntur

30 1592 74 1627 20
94 1582 191 1633 hoc
217 1583 390 1633 modo:
417 1585 633 1647 primum
661 1600 687 1633 a
715 1595 1070 1643 QONIVGATIS
1098 1599 1211 1634 cum
1238 1599 1339 1634 uno
1365 1585 1566 1633 nomine
1591 1598 1708 1648 pro-

92 1655 253 1719 posito
280 1653 538 1719 principali
574 1669 664 1718 per
692 1656 796 1704 eius
823 1654 1182 1705 deriuationem
1220 1670 1337 1704 casu
1364 1660 1449 1704 aut
1482 1660 1711 1719 tempore

94 1731 393 1774 commutato
432 1724 613 1788 aliquid
651 1725 985 1790 adprobamus
1019 1730 1075 1774 ut
1118 1727 1189 1774 ‘si
1225 1727 1380 1790 pietas
1422 1726 1582 1774 uirtus
1619 1730 1710 1781 est,

94 1795 228 1859 quod
261 1797 342 1859 pie
368 1795 551 1844 factum
580 1801 654 1844 est
677 1795 867 1846 laudari
902 1799 1134 1860 oportet'.
1210 1800 1400 1845 constat
1437 1797 1567 1844 enim
1604 1794 1708 1844 lau·

95 1864 308 1916 dabilem
339 1880 446 1915 esse
472 1866 722 1915 uirtutem.
799 1867 882 1930 qui
907 1865 1046 1916 locus
1072 1881 1099 1915 a
1126 1867 1386 1931 superiore
1423 1865 1519 1915 hoc
1547 1865 1712 1915 differt

30 1946 74 1979 25
97 1936 210 2000 quia
247 1935 378 1985 aliud
414 1941 487 1985 est
512 1936 645 1986 unde
682 1951 863 1986 nomen
899 1938 1169 2001 inpositum
1207 1938 1355 1987 suerit
1390 1937 1709 2001 perscrutari,

94 2005 223 2056 aliud
249 2022 341 2071 per
368 2007 708 2070 cognationem
735 2007 878 2057 uerbi
905 2007 965 2057 ab
985 2006 1078 2057 alio
1100 2007 1277 2058 deflexi
1303 2008 1582 2071 argumenti
1607 2008 1710 2056 uim

94 2092 307 2127 sumere.
383 2092 410 2126 a
437 2087 671 2126 GENERE
709 2083 899 2135 autem,
939 2094 1050 2128 cum
1079 2079 1212 2143 quod
1249 2080 1298 2128 in
1337 2084 1440 2127 toto
1476 2077 1611 2128 ualet
1649 2077 1710 2126 ad
1739 2085 1829 2126 485

95 2148 310 2212 speciem
345 2146 580 2213 <quoque
624 2148 911 2206 deducitur,
947 2156 1026 2206 ut,
1070 2151 1110 2198 si
1146 2150 1342 2199 narium
1380 2156 1429 2199 et
1474 2147 1711 2198 mutabile

94 2217 325 2283 quiddam
354 2224 427 2267 est
451 2219 648 2277 femina,
676 2219 800 2269 Dido
828 2221 971 2270 etiam
993 2221 1132 2270 uaria
1158 2218 1513 2285 mutabilisque
1538 2218 1707 2270 uidea-
1729 2228 1812 2267 158
1828 2225 1870 2267 G

28 2299 72 2333 30
94 2296 175 2338 tur
202 2290 456 2353 possitque
481 2304 540 2338 ex
568 2304 737 2340 amore
767 2291 819 2339 in
840 2290 1008 2340 odium
1035 2291 1346 2340 commutari.
1398 2290 1493 2339 hac
1517 2291 1711 2339 ratione

94 2357 217 2408 illud
244 2359 495 2410 Ciceronis
520 2360 757 2411 astruitur
783 2365 917 2411 ‘nam
945 2377 1060 2411 cum
1086 2363 1308 2411 omnium
1335 2361 1710 2425 prouinciarum

97 2430 445 2493 sociorumque
493 2431 736 2480 rationem
787 2430 1048 2495 diligenter
1096 2431 1283 2482 habere
1334 2430 1555 2481 debeatis
1604 2435 1712 2480 tum

203 2544 257 2584 31
289 2542 419 2583 Verr.
440 2541 487 2583 11
524 2542 548 2591 ἓ
578 2544 605 2582 2

204 2657 233 2695 4
263 2655 444 2695 ducitur
464 2656 513 2696 rb
524 2652 560 2767 ΙΙΙ
591 2656 616 2695 5
649 2654 898 2708 aliquando
918 2658 1078 2710 scripsi
1097 2657 1339 2710 aliquanta.
1359 2657 1441 2698 BR
1465 2654 1485 2711 Η
1513 2657 1539 2696 6
1560 2669 1716 2710 paene

93 2710 136 2750 B
181 2712 282 2822 'eR
317 2724 398 2764 sep
405 2725 428 2752 e
450 2726 474 2751 r
580 2714 607 2753 8
637 2712 685 2752 in
716 2714 798 2753 del.
822 2713 1016 2754 Halmius
1055 2710 1074 2768 ΙΙ
1115 2727 1142 2754 a
1172 2727 1249 2756 om.
1271 2714 1310 2755 R
1349 2712 1369 2768 ΙΙ
1409 2716 1461 2754 12
1493 2714 1713 2767 accipisti

95 2767 133 2807 R
235 2769 288 2809 13
322 2772 392 2808 est
418 2769 457 2809 R
501 2709 532 2823 ΙΙ
570 2770 623 2809 15
654 2767 825 2808 dicitur
850 2769 889 2809 R
935 2767 955 2822 Η
1003 2771 1056 2810 19
1086 2770 1301 2811 dicuntur
1328 2771 1367 2811 R
1412 2766 1432 2825 ΙΙ
1479 2772 1535 2811 20
1566 2781 1655 2822 quo
1685 2769 1713 2811 b

96 2834 215 2874 quae
245 2823 329 2865 BR
376 2837 509 2877 quom
545 2828 615 2866 uel
651 2824 830 2878 quando
861 2826 1056 2867 Halmius
1103 2823 1126 2880 Il
1171 2828 1224 2867 21
1273 2827 1555 2868 diriuatione
1566 2781 1625 2868 qR
1673 2823 1695 2881 ΙΙ

96 2880 151 2919 22
184 2881 447 2921 commutati
477 2882 515 2923 R
562 2878 584 2937 {l
631 2883 685 2922 26
718 2882 1029 2935 cognitionem
1050 2882 1108 2922 B¹
1159 2880 1179 2937 [Ι
