1982 3230
45 79 58 99 ³
748 81 936 123 anss
965 82 1036 124 111
1641 73 1710 127 93

98 227 258 292 petii
296 225 617 289 petieram.
657 223 907 273 secundus
934 229 1006 272 est
1033 238 1145 271 cum
1172 220 1212 270 Ο
1238 221 1288 268 in
1327 219 1346 268 1
1386 217 1709 272 conuertitur,

101 296 186 360 qui
223 296 412 360 primae
446 294 703 360 positionis
739 292 882 343 uerbi
911 292 951 342 Ο
987 291 1197 342 litteram
1235 290 1330 340 inl
1358 293 1626 339 commutat
1664 294 1712 337 et

99 370 420 431 praeeuntem
456 362 690 428 syllabam
718 378 804 413 seu
842 369 1027 412 mutata
1053 361 1209 411 uocali
1235 376 1322 410 seu
1358 364 1711 423 perseuerante-

44 479 55 493 χ
100 436 353 500 producit,
393 434 611 499 deposita
650 434 792 482 etiam
830 438 1131 483 consonante
1169 432 1209 481 si
1245 431 1396 480 fuerit
1431 429 1619 486 media,
1659 428 1709 478 in

37 519 59 553 5
102 506 285 572 quam>
310 504 466 570 prima
492 503 677 553 uocalis
705 503 895 553 desinat
921 509 976 553 ut
1014 517 1125 567 ago
1154 502 1250 565 egi
1276 515 1542 564 egeram,
1572 499 1712 562 lego

100 575 226 641 legi
273 575 573 638 legeram;
632 588 803 623 eorum
856 580 1021 623 autem
1079 587 1204 636 quae
1247 572 1299 619 in
1358 578 1711 619 consonantem

102 646 334 696 desinunt
353 644 576 709 exempla
605 652 717 694 sunt
743 645 864 694 haec
900 644 995 692 fra
1013 658 1130 706 ngo
1168 642 1332 704 fregi
1367 641 1709 704 fregeram,

100 715 290 766 fundo
324 715 457 764 fudi
493 715 792 764 fuderam.
854 721 1059 779 quartus
1087 719 1161 762 est
1186 713 1270 776 qui
1297 711 1510 761 mediam
1537 724 1713 758 conso-

102 791 301 836 nantem
330 786 531 850 deponit
547 792 605 835 -et
630 791 953 850 praeeuntem
980 783 1204 833 uocalem
1232 782 1436 847 corripit
1462 787 1516 830 ut
1541 781 1564 830 f
1570 779 1713 829 indo

22 855 86 903 ἰο
106 855 220 906 fidi
255 855 548 911 fideram‚
587 855 806 905 scindo
846 855 1011 905 scidi
1052 854 1383 904 scideram.
1447 853 1646 916 quintus
1673 848 1714 899 Ο

13 963 27 970 -
101 926 262 977 littera
289 927 508 990 deposita
536 927 574 974 V
600 933 648 975 et
674 927 694 975 Ι
720 927 939 983 assumit,
967 931 1021 975 ut
1055 924 1216 974 molo
1254 923 1445 973 molui
1480 920 1715 971 molue-

104 1011 256 1054 ram,
297 996 436 1045 colo
473 996 638 1046 colui
677 996 1012 1046 colueram.
1089 1000 1278 1051 sextuS‚
1309 994 1391 1058 qui
1426 993 1648 1056 deposita
1675 990 1716 1040 Ο

105 1067 139 1116 S
167 1072 215 1117 et
240 1067 260 1116 1
290 1068 493 1116 assumit
518 1073 572 1115 ut
607 1081 798 1130 carpo
835 1067 1051 1130 carpsi
1089 1079 1474 1129 carpseram,
1504 1062 1716 1112 scribo

106 1138 340 1202 scripsi
366 1138 762 1200 scripseram.
811 1138 1048 1201 septimus
1074 1137 1157 1201 qui
1184 1135 1224 1185 Ο
1252 1135 1473 1198 deposita
1502 1142 1549 1183 et
1573 1147 1719 1197 prae-

43 1213 95 1254 15‘
109 1214 254 1258 eunte
281 1214 582 1256 consonante
609 1222 699 1271 per
726 1207 759 1256 S
786 1208 1037 1271 geminum
1063 1207 1427 1271 pronuntiatur,
1468 1211 1521 1253 ut
1557 1209 1718 1252 meto

108 1279 338 1328 messui
376 1292 775 1327 messueram.
852 1284 1057 1326 octauus
1095 1277 1178 1341 qui
1218 1274 1364 1325 simili
1402 1274 1718 1338 correptione

1744 574 1858 617 896

106 1362 197 1412 per
246 1362 401 1397 unum
439 1347 475 1396 S
516 1354 786 1411 praeeunte
834 1347 995 1397 uocali
1043 1347 1285 1411 producta
1337 1344 1614 1395 declinatur
1664 1350 1746 1405 nt,

104 1417 295 1482 trudo
329 1418 491 1467 trusi
527 1424 857 1468 truseram.
921 1432 1082 1467 nonus
1108 1418 1193 1484 qui
1218 1431 1308 1480 per
1334 1416 1378 1465 X
1403 1416 1721 1465 annuntiatur

107 1493 161 1538 ut
203 1502 495 1553 expungo
546 1490 828 1553 expunxi
875 1503 1319 1553 expunxeram‚
1374 1501 1532 1551 ungo
1571 1485 1722 1535 unxi

43 1572 86 1606 ιο
109 1573 426 1608 unxeram.
479 1558 700 1608 decimus
725 1559 808 1623 qui
833 1574 924 1624 per
950 1560 1332 1623 geminationem
1359 1559 1549 1622 primae
1577 1554 1722 1620 sylla-

107 1628 200 1679 bae
225 1629 478 1694 profertur
505 1635 558 1677 ut
582 1643 788 1693 pungo
823 1632 1058 1694 pupugi
1094 1620 1501 1694 pupuger9m‚
1533 1640 1721 1676 curro

109 1700 367 1750 cucurri
434 1714 861 1749 cucurreram.
962 1700 1252 1749 undecimus
1302 1699 1386 1763 qui
1447 1697 1722 1748 uerborum

109 1771 495 1833 compositorum
531 1768 753 1819 ultimam
780 1769 1014 1835 syllabam
1043 1771 1260 1834 geminat
1284 1777 1339 1817 ut
1374 1768 1552 1817 trado
1592 1775 1721 1816 tra-

111 1839 242 1889 didi
291 1839 707 1896 tradideram,
760 1840 952 1890 reddo
1002 1839 1255 1889 reddidi
1305 1838 1722 1889 reddideram.

47 1922 90 1955 25
113 1909 435 1959 duodecimus
461 1910 544 1974 qui
569 1910 618 1958 in
648 1909 859 1961 formam
885 1912 1196 1975 passiuorum
1222 1909 1490 1960 resoluitur
1515 1915 1570 1958 ut
1596 1909 1618 1958 s
1623 1907 1724 1958 ido

30 1985 34 1987 ’
111 1980 271 2030 fisus
297 1995 425 2030 sum
462 1994 525 2030 es
564 1987 656 2029 est
694 1980 851 2031 fisus
889 1996 1050 2031 eram
1078 1995 1216 2030 eras
1243 1986 1393 2029 erat.
1468 1979 1593 2029 haec
1619 1993 1722 2027 om-

112 2050 192 2099 nia
217 2051 388 2100 tertiae
415 2051 777 2114 coniugationis
814 2058 1075 2115 correptae
1102 2051 1255 2101 uerba
1282 2050 1549 2100 indicatiuo
1576 2047 1724 2099 modo

111 2129 336 2186 tempore
362 2123 628 2184 praeterito
655 2123 822 2186 specie
857 2122 1141 2172 inchoatiua
1169 2122 1358 2172 adiecta
1386 2121 1447 2171 ad
1474 2120 1724 2185 imperati-

112 2205 233 2241 uum
258 2190 460 2240 modum
487 2202 610 2241 ΒΑΜ
638 2191 821 2258 syllaba
849 2193 1182 2258 praecedente
1209 2198 1511 2242 consonante
1536 2193 1726 2255 primae

49 2272 92 2306 ao
115 2262 372 2325 positionis
415 2260 575 2312 uocali
613 2263 664 2312 E
702 2262 894 2314 adiecta
933 2263 1261 2327 productione
1300 2263 1629 2314 terminantur
1674 2266 1728 2310 ut

1755 1989 1840 2029 320

112 2331 252 2395 lege
288 2331 597 2395 legebam,
643 2340 783 2398 pete
830 2334 1118 2398 petebam
1164 2335 1380 2398 exceptis
1426 2333 1502 2382 his
1538 2346 1663 2396 quae
1707 2329 1762 2379 1-

113 2406 228 2452 ante
255 2401 296 2452 Ο
323 2400 586 2452 habuerint
611 2404 661 2452 in
696 2405 855 2467 prima
889 2406 1149 2470 positione.
1229 2421 1286 2455 ea
1324 2405 1455 2454 enim
1493 2400 1727 2452 adiectal

114 2471 275 2522 littera
313 2471 371 2521 ad
408 2473 755 2536 imperatiuum
799 2475 1001 2525 modum
1056 2481 1104 2524 et
1138 2474 1327 2525 adiecta
1373 2484 1495 2523 ΒΑΜ
1543 2471 1729 2537 syllaba

114 2541 355 2608 producta
400 2542 439 2591 E
485 2544 814 2594 terminantur
867 2551 920 2595 ut
972 2546 1150 2610 rapio
1195 2560 1345 2610 rape
1386 2542 1726 2609 rapiebam.

234 2796 286 2838 19
326 2807 635 2849 expugxeram
658 2796 699 2835 B
755 2793 774 2849 Η
835 2798 889 2837 28
928 2797 1196 2838 incoactiua
1219 2797 1261 2837 B
1296 2794 1316 2851 ll
1362 2799 1415 2839 30
1457 2811 1480 2840 e
1503 2799 1604 2841 add.
1635 2794 1700 2851 pl

121 2850 175 2890 32
217 2850 266 2891 in
294 2851 440 2904 prima
461 2852 688 2905 positione
721 2866 799 2895 om.
822 2852 907 2893 BD
929 2854 1028 2894 add.
1052 2854 1122 2894 Bm
1172 2850 1192 2907 ΙΙ
1230 2856 1285 2895 33
1306 2854 1488 2895 modum
1509 2867 1588 2896 om.
1612 2854 1653 2894 B
1690 2851 1700 2909 [
