1982 3230
745 176 932 218 LIBER
962 178 985 218 1
1612 174 1679 228 15

12 198 33 269 ,ᾖ

36 320 206 385 'quod
250 317 470 371 celebrat
500 316 728 369 mirabile
769 319 1089 384 praestigium
1137 317 1528 384 elegantiamque
1567 317 1676 383 pin·

73 389 217 456 gendi
253 405 364 440 cum
390 391 534 439 uiuos
581 390 727 439 etiam
753 388 922 439 uultus
960 391 1086 438 aeris
1112 396 1194 438 aut
1228 391 1489 438 marmoris
1524 390 1673 454 signi·

71 463 150 512 l'ex
178 461 415 512 animator
441 461 661 525 inspirat.
717 467 868 509 totum
897 467 1031 510 certe
1068 460 1397 525 conplacitum
1434 467 1507 510 est
1540 460 1676 525 quic-

72 532 188 599 quid
215 532 360 581 comit
386 531 616 580 decorem
645 530 941 588 iuuenalivum
970 531 1276 593 gratiarum.'
1330 547 1382 580 se
1409 531 1559 594 igitur
1587 547 1671 580 eos

27 614 50 648 5
72 603 165 653 iam
191 601 379 666 pridem
408 617 576 651 amore
605 608 775 651 mutuo
802 601 1056 665 colligatos
1082 602 1266 651 idcirco
1294 601 1549 666 paululum
1577 602 1674 652 dis-

68 671 262 729 tulisse,
307 687 370 722 ne
413 675 463 721 in
499 672 766 722 thalamum
813 674 1065 736 primaeua
1114 673 1371 722 affectione
1421 671 1673 730 festinam,

69 758 180 792 cum
212 743 585 793 discurrendum
625 750 777 801 esset,
819 740 932 793 totis
958 743 1184 793 noctibus
1219 744 1514 808 repigratior
1552 757 1673 807 pau-

67 812 219 863 lulum
247 813 496 863 simularet
533 814 828 864 anomalum.
873 819 991 863 tunc
1017 814 1138 863 Iuno
1168 815 1396 879 ‘atquin'
1425 815 1489 863 ait
1514 815 1674 864 eeius·
1706 828 1759 867 37

69 884 178 935 dem
207 886 440 935 conuenit
473 886 680 949 uirginis
712 885 879 934 subire
917 884 1158 943 uinclum,
1197 900 1322 950 quae
1356 883 1492 934 illum
1529 886 1673 935 etiam

5 965 47 1000 ιο
69 956 324 1021 quiescere
374 958 651 1021 cupientem
712 957 944 1005 coniuere
989 971 1087 1004 non
1143 956 1378 1021 perferat.
1447 971 1509 1004 au
1553 970 1674 1005 uero

69 1027 327 1091 quisquam
368 1033 439 1076 est
476 1029 560 1092 qui
594 1026 894 1090 philologiae
929 1041 980 1076 se
1017 1034 1201 1076 asserat
1235 1026 1490 1091 peruigilia
1537 1026 1694 1076 labo->

67 1103 173 1146 rata
201 1103 249 1146 et
274 1096 667 1146 lucubrationum
696 1099 986 1162 perennium
1015 1099 1207 1147 nescire
1234 1097 1505 1161 pallorem?
1549 1113 1674 1163 quae

69 1172 232 1217 autem
257 1166 484 1216 noctibus
509 1166 787 1233 <uniuersis
815 1167 1001 1217 caelum
1031 1169 1152 1218 freta
1178 1169 1540 1232 Tartarumque
1577 1168 1672 1217 dis-

70 1252 274 1288 currere
333 1253 389 1287 ac
433 1238 638 1288 deorum
684 1239 902 1287 omnium
951 1239 1092 1288 sedes
1154 1241 1378 1288 curiosae
1424 1239 1669 1302 indaginis
1702 1253 1818 1294 146

10 1320 48 1355 15
67 1309 460 1372 perscrutatione
495 1309 734 1365 transire,
774 1324 899 1373 quae
936 1315 1123 1358 textum
1150 1310 1320 1358 mundi
1348 1309 1672 1359 circulorum-

68 1391 167 1442 que
202 1378 451 1427 uolumina
474 1378 552 1428 uel
579 1379 848 1428 orbiculata
877 1379 1110 1443 parallela
1151 1379 1231 1429 uel
1267 1379 1464 1444 oblique
1501 1380 1673 1430 decus·

66 1454 197 1498 satos
232 1448 370 1512 polos
409 1456 455 1499 et
490 1449 682 1499 climata
710 1451 971 1516 axiumque
999 1452 1269 1514 uertigines
1303 1466 1414 1500 cum
1450 1453 1670 1515 ipsorum

63 1525 184 1584 puto
213 1519 427 1570 siderum
459 1519 773 1571 multitudine
810 1536 1072 1572 numerare
1120 1524 1216 1572 nisi
1252 1516 1374 1571 haec
1400 1521 1673 1586 Philologia

65 1589 330 1653 gracilenta
387 1591 596 1656 quadam
643 1591 885 1642 adfixione
943 1594 1226 1650 consueuit,
1280 1594 1505 1658 quotiens
1555 1594 1673 1644 deos

1 1675 44 1708 tio
66 1674 214 1725 super
253 1661 471 1711 eiusdem
522 1665 776 1713 coactione
829 1665 1156 1729 instantiaque
1193 1670 1513 1728 conquestOS,
1563 1679 1672 1714 cuni

66 1746 150 1781 eos
177 1732 444 1782 concubiae
470 1740 553 1783 aut
577 1734 901 1798 intempestae
938 1737 1097 1784 noctis
1133 1735 1323 1784 silentio
1361 1736 1671 1799 quiescentes

65 1801 126 1852 ad
151 1817 204 1852 se
230 1805 402 1852 uenire
436 1803 650 1853 inaudita
689 1805 899 1868 quadam
943 1804 1287 1855 obsecratione
1322 1805 1672 1870 compelleret?

63 1879 163 1923 tam
190 1888 311 1922 uero
339 1873 480 1923 abest
505 1881 560 1923 ut
584 1874 676 1923 sub
712 1874 803 1924 hac
838 1876 992 1939 possit
1032 1877 1314 1939 pigrescere
1350 1877 1671 1941 intricarique
1702 1891 1757 1931 38

47 1941 339 2007 ›CylleniuS,
390 1950 444 1993 ut
488 1946 759 1994 commotis·
796 1945 855 1994 ab
894 1946 1064 1996 eadem
1110 1947 1452 2011 suscitatisque
1493 1948 1671 2012 pennis

5 2027 44 2059 :¹5
68 2014 481 2064 extramundanas
525 2022 695 2079 petere
739 2015 1022 2067 latitudines
1065 2025 1316 2082 urgeatur.
1387 2033 1477 2067 cur
1521 2019 1671 2081 igitur

64 2097 154 2133 rex
190 2085 372 2148 optime
409 2086 702 2135 differuntur
744 2102 854 2136 cum
893 2103 983 2151 pro
1019 2087 1120 2137 sola
1156 2087 1461 2138 Atlantiadae
1497 2088 1669 2138 soller-

65 2155 130 2203 tia
166 2154 290 2205 duos
335 2154 505 2220 uigiles
550 2159 952 2220 repromittam?’
1013 2159 1133 2209 haec
1180 2175 1290 2209 cuni
1327 2159 1450 2209 Iuno
1495 2160 1667 2217 adfixa,
1701 2175 1756 2215 39

62 2230 117 2274 ut
141 2224 438 2275 adhaerebat
464 2226 652 2276 elatiori
679 2227 942 2292 plurimum
970 2229 1099 2286 loui,
1128 2229 1379 2280 adclinatis
1406 2232 1510 2280 eius
1536 2232 1669 2281 auri-

61 2294 154 2346 bus
189 2297 451 2353 intimaret,
489 2297 548 2347 de
585 2298 836 2366 quodam>
862 2301 1160 2365 purgatioris
1187 2301 1570 2367 uibratiorisque
1595 2301 1669 2350 lu-

0 2381 41 2414 ·32
62 2367 206 2416 minis
232 2366 340 2417 loco
367 2368 563 2432 adlapsa
590 2372 769 2419 sensim
806 2371 964 2421 Pallas
990 2387 1196 2422 corusca
1233 2373 1486 2422 descendit
1522 2378 1670 2437 atque

177 2525 196 2562 1
235 2522 605 2576 elegantiamque
628 2539 652 2564 r
686 2524 964 2577 elegantiam
987 2527 1067 2567 RB
1101 2527 1333 2581 elegantia
1356 2529 1379 2568 b
1418 2525 1437 2582 Η
1487 2532 1511 2569 3
1543 2532 1668 2569 certe

59 2577 143 2618 BR
174 2591 280 2632 ergo
311 2579 336 2619 b
384 2576 403 2633 [Ι
450 2581 478 2619 4
514 2580 796 2622 iuuenalium
826 2584 864 2624 R
902 2583 1115 2624 iuuenale
1149 2587 1189 2635 (ὃ
1211 2587 1251 2625 iu
1274 2583 1386 2632 ras.)
1418 2585 1460 2624 B
1491 2585 1670 2626 iuueni-

58 2633 169 2674 lium
198 2649 222 2674 r
269 2632 290 2689 Η
343 2637 367 2676 7
407 2636 671 2688 repigritior
700 2637 781 2679 BR
824 2653 938 2680 corr.
975 2640 1147 2681 Grotius
1195 2639 1212 2692 ΙΙ
1261 2643 1286 2681 8
1338 2639 1496 2693 atquin
1534 2641 1572 2680 B

61 2692 114 2731 10
136 2693 350 2733 conibere
370 2692 452 2733 BR
473 2706 585 2735 corr.
605 2693 656 2733 br
683 2691 702 2748 ss
737 2696 787 2734 11
810 2696 1104 2749 phylologiae
1128 2698 1164 2737 R
1189 2694 1207 2750 Η
1246 2700 1295 2737 13
1318 2698 1547 2738 discutere
1569 2697 1611 2736 B

45 2747 115 2793 ,14
162 2747 394 2802 indaginis
425 2749 448 2789 b
497 2749 678 2803 indagis
707 2750 791 2791 BD
848 2749 868 2806 Π
926 2755 977 2794 16
1019 2753 1205 2805 obliqua
1245 2753 1468 2794 decusata
1506 2753 1667 2807 polose

58 2801 224 2844 limata
253 2804 339 2845 BD
378 2818 492 2849 corr.
517 2806 687 2847 Grotius
734 2804 755 2861 [l
810 2810 864 2849 20
903 2809 1218 2862 instantiaque
1250 2810 1273 2849 b
1314 2811 1667 2863 constantiaque

60 2858 144 2900 BD
180 2857 201 2915 ss
239 2862 291 2901 21
325 2862 549 2902 conubiae
581 2862 604 2902 b
639 2860 657 2917 Η
691 2865 746 2904 24
774 2864 925 2917 pinnis
946 2863 1006 2904 B1
1050 2862 1060 2919 l
1093 2867 1146 2906 26
1181 2866 1496 2907 athlantideD
1518 2867 1667 2908 atlan-

61 2915 250 3013 ἑζῖεέἰίθ
275 2914 317 3027 ΗΙΙ
366 2917 558 2959 solertia
581 2920 621 2959 D
660 2916 679 2973 [l
718 2923 773 2962 30
804 2921 990 2975 allapsa
1028 2917 1036 2976 l
1087 2921 1129 2961 B
1161 2922 1399 2964 descendit
1431 2924 1455 2964 b
1487 2923 1665 2966 discen—

93 2985 108 3011 1
