1982 3230
675 79 678 82 ⁴
744 97 932 141 LIBER
959 95 1057 141 1111
1434 61 1439 74 ¹
1609 90 1711 144 105

107 245 328 297 uolentes
366 243 649 294 discernere
684 240 954 291 dixerimus
989 239 1121 305 quod
1168 237 1245 288 leo
1282 237 1417 287 serus
1453 242 1527 286 est
1559 235 1710 286 homo

42 358 44 361 .
101 311 271 368 'autem
300 315 444 370 mitis,
472 313 521 362 id
549 311 706 362 solum
733 311 961 361 uidemur
988 310 1271 360 discernere
1291 308 1427 374 ,quod
1455 307 1515 358 ad
1543 321 1709 358 susce-

107 395 247 454 ptum
268 385 515 450 negotium
527 383 758 448 pertinet.
801 381 1011 432 dicendo
1034 382 1164 430 enim
1191 379 1290 430 ‘leo
1311 379 1448 429 ferus
1470 383 1543 429 est
1561 379 1710 428 homo

107 459 259 508 mitis’
285 471 376 506 nec
402 455 654 504 hominem
692 452 752 503 ab
781 452 887 502 aliis
924 451 1126 501 mitibus
1163 449 1454 501 animalibus
1490 465 1581 499 nec
1607 449 1707 499 leo-

62 541 220 592 5¹nem
257 543 283 577 a
322 526 497 576 ceteris
545 524 712 574 bestiis
758 523 1083 579 seiunximus,
1136 536 1248 572 cum
1286 535 1410 570 uero
1456 519 1709 570 hominem

84 593 311 649 “animal
349 594 563 645 risibile'
604 595 897 651 dixerimuS,
938 608 997 642 eo
1023 609 1049 642 3
1078 599 1359 643 ceterorum
1388 592 1709 640 animantium

104 666 422 733 generalitate
450 666 791 716 discreuimuS.

173 749 476 788 DEFINITIO
504 745 579 787 est
605 752 716 786 cum
750 734 971 784 inuoluta
999 736 1145 784 unius
1172 735 1408 797 cuiusque
1435 733 1509 782 rei
1535 733 1708 781 notitia
1740 731 1823 772 349

103 815 272 876 aperte
310 824 366 858 ac
400 808 619 858 breuiter
646 806 935 872 explicatur.
1013 807 1061 854 in
1089 806 1182 854 hac
1208 805 1300 853 tria
1337 803 1534 854 uitanda
1572 811 1709 852 sunt:

40 894 83 928 ιο
106 897 167 931 ne
192 880 308 946 quid
337 879 536 935 falsum,
566 894 629 927 ne
667 878 782 942 quid
809 876 935 942 pluS‚
964 891 1026 926 ne
1054 876 1169 942 quid
1197 877 1358 924 minus
1394 875 1709 939 significetur.
1734 886 1863 927 1016*

94 951 278 1018 „falsum
307 956 379 1001 est
406 949 499 998 hoc
524 950 671 998 modo
699 950 868 998 ehomo
899 953 970 997 est
995 947 1174 997 animal
1199 945 1550 1013 <immortale'.
1602 943 1710 995 nul-

101 1021 180 1072 lus
217 1023 345 1072 enim
382 1021 530 1070 homo
568 1019 856 1068 immortalis
895 1024 968 1068 est
1004 1025 1051 1067 et
1078 1019 1190 1068 ideo
1223 1016 1397 1066 falsum
1437 1022 1526 1066 est.
1601 1015 1712 1081 plus

106 1094 235 1142 enim
264 1093 443 1141 dicitur
480 1090 565 1140 tali
604 1091 750 1139 modo
790 1089 965 1138 ‘homo
1005 1096 1079 1139 est
1115 1088 1293 1138 animal
1331 1087 1587 1137 mortale'.
1664 1092 1713 1136 et

107 1164 200 1213 hoc
239 1165 366 1212 enim
407 1163 632 1227 quamuis
681 1161 901 1210 breuiter
940 1161 1125 1209 dictum
1163 1160 1224 1209 sit
1270 1158 1380 1223 plus
1417 1165 1582 1208 tamen
1622 1164 1708 1214 est,

42 1247 82 1280 15
106 1233 239 1298 quod
266 1235 324 1283 ad
354 1234 516 1282 omnia
542 1231 769 1280 animalia
796 1232 1025 1296 pertinet.
1090 1232 1253 1279 minus
1287 1230 1590 1293 significatur
1616 1229 1712 1277 hoc

103 1305 251 1354 modo
289 1304 466 1353 ‘homo
506 1309 580 1352 est
616 1301 794 1352 animal
830 1302 1249 1365 grammaticum'.
1326 1301 1552 1365 quamuis
1580 1300 1710 1348 enim

103 1390 201 1424 non
229 1376 290 1425 sit
316 1375 409 1423 nisi
434 1373 581 1422 homo
609 1371 786 1422 animal
814 1374 1203 1435 grammaticum,
1233 1386 1331 1420 non
1361 1377 1523 1420 tamen
1550 1371 1711 1420 omnis

102 1445 249 1496 homo
276 1446 641 1509 grammaticus.
718 1443 934 1493 definitio
961 1443 1106 1508 plena
1136 1448 1211 1492 est
1238 1443 1332 1491 hoc
1357 1442 1505 1490 modo
1534 1441 1710 1490 ‘homo

103 1522 177 1566 est
201 1515 379 1565 animal
417 1514 652 1564 rationale
690 1513 945 1563 mortale’.
1023 1514 1250 1564 addendo
1278 1515 1407 1562 enim
1444 1511 1710 1562 mortale

36 1599 83 1634 20
104 1588 441 1651 separauimus
467 1602 493 1635 3
521 1586 609 1642 dis,
638 1585 862 1635 addendo
888 1585 1127 1634 rationale
1155 1585 1494 1648 separauimus
1520 1599 1545 1632 3
1574 1583 1707 1632 feriS.

245 1669 443 1707 TOTVM
483 1656 710 1720 estquod
751 1655 939 1705 duabus
976 1656 1265 1720 pluribusue
1303 1656 1351 1704 in
1392 1670 1445 1704 se
1482 1654 1706 1719 partibus
1736 1662 1821 1703 350

102 1730 274 1794 positis
300 1743 399 1777 non
426 1742 620 1791 semper
648 1741 850 1782 nomen,
881 1727 1211 1775 definitionem
1238 1732 1402 1775 tamen
1439 1740 1708 1788 numquam

102 1799 455 1849 accommodat.
533 1804 579 1846 et
604 1797 697 1845 hoc
732 1811 830 1845 non
859 1798 953 1846 nisi
986 1798 1032 1845 in
1061 1796 1329 1845 indiuiduis
1363 1797 1630 1853 inuenitur,
1659 1801 1711 1844 ut

105 1871 147 1919 si
180 1869 431 1918 hominem
469 1867 781 1931 designemus
821 1874 868 1917 et
905 1868 1008 1917 eius
1046 1873 1210 1931 partes
1244 1866 1437 1930 singula
1486 1866 1718 1916 membra

37 1951 81 1993 25
105 1940 355 1995 faciamus,
393 1937 720 2002 intellegimus
759 1938 805 1987 id
835 1940 990 2003 ipsum
1023 1944 1177 1987 totum
1214 1954 1347 1994 esse,
1377 1939 1493 2003 quia
1520 1943 1711 1987 certum

103 2011 354 2060 hominem
401 2010 740 2058 constituimus
778 2016 825 2058 et
859 2009 1193 2058 definitionem
1239 2015 1285 2057 et
1332 2023 1512 2058 nomen
1558 2009 1712 2073 ipsius

103 2083 252 2130 totius
277 2095 374 2129 non
402 2094 544 2144 posse
570 2081 617 2128 in
639 2085 804 2144 partes
831 2080 1020 2129 cadere.
1063 2095 1162 2128 non
1191 2081 1318 2128 enim
1343 2087 1425 2128 aut
1450 2079 1711 2128 brachium

102 2150 258 2201 solum
288 2156 370 2200 aut
396 2156 555 2214 caput,
583 2150 658 2198 ho
675 2151 930 2216 minem>
957 2151 1122 2200 dicere
1150 2152 1422 2214 poterimus
1448 2157 1531 2199 aut
1556 2151 1712 2214 ipsius

102 2221 434 2272 definitionem
462 2221 649 2285 singula
687 2221 910 2270 membra
937 2222 1196 2285 recipiunt.
1275 2221 1360 2270 sed
1400 2221 1711 2270 animaduer-

37 2303 81 2339 ω
102 2292 306 2343 tendum
347 2299 420 2341 est
446 2292 576 2356 quod
605 2290 866 2355 aliquando
896 2304 1057 2343 OMNE
1094 2307 1186 2357 pro
1215 2303 1367 2342 ΤΟΤΟ
1407 2293 1572 2341 dicere
1599 2306 1711 2356 pos-

216 2434 241 2473 5
282 2432 385 2472 dum
413 2433 451 2473 R
518 2429 537 2486 Η
593 2434 616 2472 7
656 2432 1010 2473 discreuerimus
1059 2434 1098 2474 R
1165 2430 1185 2487 Η
1233 2433 1259 2472 8
1300 2433 1409 2486 quid
1451 2433 1514 2473 sit
1553 2430 1710 2472 defini-

101 2489 166 2530 tio
201 2494 299 2529 ante
329 2488 534 2528 definitio
556 2490 657 2528 add.
678 2488 760 2530 BR
812 2486 831 2542 ΙΙ
890 2491 915 2530 9
948 2502 1004 2529 ac
1025 2490 1063 2530 R
1098 2485 1120 2544 ss
1161 2491 1212 2529 11
1253 2489 1403 2530 nullus
1434 2489 1630 2528 enim—
1660 2490 1711 2529 13

33 2540 40 2548 ⁰
103 2544 273 2586 animal
295 2544 488 2585 mortale
511 2558 587 2585 om.
608 2543 665 2583 B¹
687 2541 707 2599 Η
725 2559 808 2597 pro
838 2545 979 2586 uerbis
999 2545 1151 2586 nullus
1185 2547 1362 2586 enim—
1386 2547 1438 2586 13
1469 2545 1557 2585 tali
1579 2543 1710 2586 modo

101 2601 206 2642 haec
225 2604 419 2654 leguntur
451 2601 660 2653 quamuis
692 2603 813 2643 enim
843 2601 976 2642 homo
1009 2602 1181 2642 animal
1214 2615 1314 2642 esse
1345 2614 1504 2641 uerum
1535 2602 1598 2641 sit
1617 2601 1709 2641 fal—

103 2669 200 2698 sum
237 2661 391 2698 tamen
430 2662 500 2698 est
537 2657 825 2698 inmortalem
866 2655 966 2709 (aut
1002 2658 1319 2699 irrationalem
1360 2659 1462 2700 add.
1502 2656 1551 2709 d)
1608 2656 1712 2710 plus

104 2717 174 2755 est
200 2713 289 2755 hoc
319 2714 450 2754 modo
480 2715 524 2754 in
558 2715 599 2754 D
655 2710 675 2768 Η
724 2710 775 2755 13
812 2713 1007 2755 mortale
1038 2727 1115 2755 om.
1156 2715 1197 2755 D
1245 2711 1263 2768 [l
1311 2718 1356 2754 et
1384 2715 1408 2754 b
1442 2727 1498 2754 ex
1534 2713 1620 2754 BD
1674 2710 1695 2768 ss

103 2770 159 2811 20
187 2769 274 2810 diis
294 2771 361 2811 Db
400 2767 420 2825 Η
468 2772 519 2810 21
553 2769 661 2823 quid
683 2771 744 2811 sit
764 2773 910 2812 totum
941 2776 1038 2811 ante
1069 2773 1215 2811 totum
1246 2772 1347 2811 add.
1369 2766 1613 2824 BmD1122
1645 2769 1711 2811 di-

105 2823 358 2867 finitionem
387 2828 428 2867 D
476 2823 495 2881 ΙΙ
542 2829 597 2867 24
635 2826 826 2867 menbra
848 2827 888 2866 D
928 2824 947 2881 Η
980 2828 1040 2879 ,25
1069 2827 1374 2880 intelligimus
1395 2828 1435 2867 D
1481 2823 1502 2882 ΙΙ
1542 2826 1712 2881 quiaB

107 2880 284 2935 quodD
319 2880 342 2937 ss
376 2885 432 2925 28
454 2884 603 2937 capud
626 2884 665 2923 D
705 2880 724 2938 ΙΙ
