1982 3230
0 0 214 122 r*

0 134 2 137 ψ
31 135 54 174 4„
770 110 956 169 LIBER
985 112 1027 154 v
1607 108 1712 162 139

15 242 49 306 't
97 257 232 305 tione
256 252 562 305 renidebant.
629 251 923 302 subarmalis
950 259 1115 302 autem
1141 253 1294 302 uestis
1320 250 1387 301 illi
1412 251 1560 318 peplo
1589 267 1711 317 quo-

96 326 210 376 dam
236 325 365 376 circa
399 337 599 373 umeros
623 322 848 372 inuoluto
860 323 1121 386 Latia-riter
1147 322 1420 386 tegebatur,
1449 319 1578 388 quod
1603 337 1706 372 om-
1729 332 1868 373 1376

96 398 235 446 nium
271 396 543 464 figurarum
592 392 779 443 lumine
827 395 1071 443 uariatum
1121 400 1411 442 cunctorum
1460 393 1709 443 schemata

95 464 432 531 praeferebat,
471 468 644 528 pectus
672 471 835 513 autem
874 464 1264 528 exquisitissimis
1290 478 1598 527 gemmarum
1627 479 1708 513 co-

34 540 76 584 *oe
98 535 286 586 loribus
309 533 590 584 balteatum.
667 534 790 584 haec
817 549 930 583 cum
955 536 1006 582 in
1033 548 1301 597 progressu
1338 549 1474 582 arma
1502 549 1708 584 concus-
1740 544 1825 584 427

30 655 34 658 .
95 611 242 662 serat,
269 605 405 654 uelut
431 603 683 669 fulgoreae
709 604 855 654 nubis
881 604 1079 667 fragore
1107 603 1275 653 colliso
1303 595 1982 684 Qfflhisqhdissskll·*ffinssfffy‘

43 671 45 674 ’
114 676 487 740 antibussracta
515 676 705 725 diceres
742 675 984 739 crepitare
1009 675 1251 724 tonitrua:
1299 674 1511 740 denique
1550 676 1706 724 credi-

26 808 29 813 d
92 754 196 797 tum
219 746 353 810 quod
378 747 533 795 instar
550 746 680 796 Iouis
701 746 871 795 eadem
894 752 1059 810 posset
1086 746 1231 794 etiam
1253 744 1458 794 fulmina
1485 743 1706 794 iaculari.

90 829 206 867 nam
244 816 396 867 ueluti
433 822 610 882 potens
655 832 824 866 rerum
862 815 1117 882 <omnium
1157 816 1325 879 regina
1366 821 1414 865 et
1451 815 1707 880 impellere

7 879 72 964 ξρο
94 903 190 954 quo
217 886 366 938 uellet
393 893 440 937 et
474 888 609 937 unde
631 886 781 937 uellet
806 887 1053 936 deducere
1090 892 1137 936 et
1164 888 1215 934 in
1251 885 1479 935 lacrimas
1505 886 1706 936 flectere

22 967 25 969 ’
95 964 143 1008 et
166 959 215 1007 in
241 957 428 1008 rabiem
467 959 716 1007 concitare
745 964 792 1007 et
825 960 876 1006 in
904 957 1023 1007 alios
1052 958 1198 1007 etiam
1240 956 1406 1005 uultus
1433 972 1708 1022 sensusque

94 1034 388 1078 conuertere
415 1036 514 1077 tam
549 1028 700 1078 urbes
727 1043 873 1093 quam
914 1029 1159 1077 exercitus
1187 1026 1517 1091 proeliantes,
1557 1043 1706 1092 quae-

95 1114 306 1164 cumque
330 1103 525 1163 poterat
552 1100 745 1163 agmina
775 1097 1086 1164 populorum.
1151 1098 1274 1147 haec
1303 1100 1454 1147 etiam
1482 1104 1705 1147 senatum

15 1222 17 1225 Α
92 1166 254 1218 rostra
290 1170 468 1219 iudicia
508 1169 753 1218 domuisse
791 1171 842 1218 in
880 1173 1026 1231 gente
1052 1168 1318 1224 Romulea,
1356 1169 1558 1217 Athenis
1584 1183 1707 1218 uero

29 1251 72 1286 15
95 1241 286 1290 curiam
330 1242 582 1304 gymnasia
626 1239 918 1302 theatraque
967 1254 1060 1302 pro
1103 1238 1305 1287 arbitrio
1350 1238 1604 1294 reflexisse
1650 1254 1707 1287 ac

92 1315 244 1360 totam
279 1309 497 1359 funditus
525 1310 781 1359 Graeciam
817 1310 1087 1358 miscuisse·
1109 1308 1376 1358 ferebatur.
1453 1309 1546 1358 hac
1583 1323 1706 1358 uero
1737 1319 1823 1359 428

90 1379 324 1445 loquente
361 1381 446 1443 qui
478 1379 644 1429 uultus
679 1381 883 1429 uocisue
919 1394 1070 1428 sonus
1098 1385 1378 1443 quantaque
1415 1378 1705 1429 excellentia

92 1450 429 1514 celsitudoque
456 1449 770 1515 sermonisi>
798 1450 968 1500 audire
996 1465 1181 1513 operae.
1206 1450 1419 1513 pretium
1449 1452 1595 1499 etiam
1623 1465 1704 1499 su-

91 1521 224 1586 peris
250 1521 342 1570 fuit
367 1526 531 1570 tantae
558 1522 855 1571 inuentionis
882 1522 1148 1584 ingenium,
1173 1527 1269 1569 tam
1291 1520 1532 1570 secundae
1555 1520 1706 1570 uber—

26 1604 69 1638 20
90 1593 203 1641 tatis
230 1591 493 1656 eloquium,
540 1598 640 1640 tam
692 1592 886 1656 capacis
931 1592 1201 1640 memoriae
1247 1591 1705 1657 recordationisque

91 1662 392 1712 thesaurum.
470 1661 626 1727 qualis
662 1662 955 1726 disponendi
984 1661 1133 1719 ord0‚
1175 1678 1322 1726 quam
1351 1662 1706 1726 pronuntiandi

93 1747 374 1797 congruens
399 1731 685 1789 modulati0‚
704 1734 787 1797 qui
814 1738 980 1796 gestus
1007 1734 1055 1780 in
1080 1737 1233 1787 motu,
1249 1747 1373 1796 quae
1395 1732 1706 1795 profunditas

90 1804 142 1851 in
179 1803 444 1867 conceptu!
521 1803 734 1866 denique
763 1803 901 1852 exilis
927 1804 978 1850 in
1017 1802 1247 1866 modi-ej&
1283 1803 1334 1850 in
1372 1802 1707 1851 mediocribus

93 1871 264 1930 facilis,
292 1873 344 1922 in
365 1871 575 1922 elatione
596 1873 905 1922 ssammatrix.
927 1856 1280 1937 'ffffl‘dehatque
1303 1878 1508 1922 cunctos
1529 1874 1581 1921 in
1605 1817 1737 1922 am]

20 1955 71 1988 25
92 1943 254 2007 biguis
277 1942 478 1999 dociles,
519 1944 570 1991 in
609 1945 928 2006 persuasione
957 1943 1204 2000 cedentes,
1232 1944 1282 1992 in
1310 1942 1580 1992 conlisione
1608 1944 1707 1992 dis-

93 2013 283 2071 cordeS‚
311 2014 361 2062 in
387 2012 612 2062 laudibus
638 2019 942 2076 arrogantes,
984 2019 1032 2062 at
1057 2028 1178 2063 uero
1207 2029 1318 2063 cum
1343 2013 1459 2078 quid
1486 2029 1707 2082 gommo-
1737 2068 1742 2073 ,

93 2091 196 2132 tum
201 2083 398 2155 publici
425 2085 965 2152 nqmjpiffflitffififlthssss
983 2083 1307 2149 ‘clamauerah
1330 2079 1572 2133 fluctuare
1593 2028 1749 2149 per-s

92 2147 490 2204 ffiersaffiere
527 2149 691 2203 omnia
727 2149 1041 2204 uidebantur.
1117 2154 1245 2204 hanc
1286 2155 1434 2218 igitur
1470 2156 1704 2205 feminam
1736 2167 1821 2206 429

92 2229 291 2274 auratae
319 2226 454 2275 uocis
481 2231 530 2274 et
549 2225 784 2290 quasdam
805 2225 1135 2275 diadematum
1162 2240 1382 2289 gemmas
1408 2240 1706 2290 regnorum-

25 2307 69 2340 30
93 2310 188 2359 qne
237 2295 523 2345 fundentem
573 2297 749 2359 ingens
798 2296 1078 2345 inlustrium
1128 2298 1352 2345 uirorum
1404 2296 1706 2359 sequebatur

93 2379 284 2428 agmen.
360 2366 490 2415 inter
530 2381 652 2430 quos
688 2368 900 2431 proximi
937 2367 1095 2416 eidem
1148 2366 1244 2415 duo
1283 2367 1482 2415 diuerso
1532 2365 1705 2415 habitu

90 2437 388 2500 nationeque
413 2437 763 2500 praenitentes,
792 2452 1006 2502 quorum
1034 2451 1161 2486 unus
1193 2444 1299 2486 erat
1324 2436 1470 2501 pallio
1499 2437 1708 2486 circum-

92 2512 229 2555 actus
264 2505 488 2570 alterque
533 2506 801 2558 trabeatus,
879 2507 1106 2557 diuersus
1145 2508 1343 2571 utrique
1388 2506 1491 2556 oris
1536 2521 1704 2563 sonuS,

91 2572 205 2626 licet
259 2575 382 2626 alius
423 2577 566 2626 etiam
605 2576 810 2626 Athenis
849 2593 902 2627 se
949 2577 1138 2628 diceret
1178 2579 1324 2628 Graia
1373 2577 1602 2627 didicisse
1649 2592 1709 2627 ac

206 2773 233 2814 6
264 2772 505 2828 fulgureae
527 2774 551 2815 b
597 2771 621 2884 Η
668 2775 693 2815 9
724 2773 872 2814 ueluti
902 2776 1098 2829 upotens
1119 2775 1158 2815 R
1187 2773 1319 2815 uelut
1338 2774 1566 2828 impotens
1587 2773 1630 2814 B
1668 2771 1689 2830 Η

96 2829 150 2876 10
170 2839 258 2880 quo
279 2831 303 2871 b
336 2829 456 2883 quod
476 2830 561 2871 BD
660 2832 711 2872 15
733 2831 963 2884 gimnasia
986 2832 1025 2870 D
1063 2827 1082 2884 Η
1123 2832 1175 2872 19
1206 2830 1435 2872 fecundae
1456 2831 1520 2873 Rb
1543 2830 1712 2872 facun-

93 2883 182 2925 dae
203 2884 245 2924 B
291 2882 311 2941 ῙΙ
358 2889 411 2928 27
445 2887 721 2941 permiscere
744 2885 864 2928 B¹R¹
902 2884 922 2942 Ι]
962 2890 1014 2929 31
1046 2888 1249 2940 proxime
1272 2888 1310 2929 R
1336 2884 1357 2942 ss
