1982 3230
719 87 904 129 Lmen
934 87 995 129 vl
1570 80 1677 134 235

68 230 198 280 milia
227 245 479 295 passuum,
504 228 704 279 latitudo
731 236 894 279 autem
921 244 944 277 a
975 226 1199 278 Seleucia
1225 226 1283 276 ad
1302 226 1546 291 >oppidum
1573 224 1671 274 Eu-

68 301 259 366 phratis
279 301 492 363 Zeugma
514 305 710 349 centum
739 300 1049 362 septuaginta
1069 298 1283 361 quinque
1310 295 1459 346 milia.
1501 295 1669 345 Ostra·
1703 310 1788 351 679

71 374 183 421 cine
206 370 382 420 Arabia
418 370 609 419 finitur:
647 385 674 418 a
700 368 894 419 Pelusio
929 370 1180 431 sexaginta
1219 382 1303 417 sex
1340 366 1535 416 milibus
1563 381 1673 430 pas-

65 455 225 491 suum.
298 439 552 503 Apollonia
581 439 884 489 Palaestinae
919 454 1009 502 per
1045 445 1238 487 centum
1277 439 1525 499 octoginta
1562 445 1673 486 octo

21 525 43 558 5
67 510 196 561 milia
221 525 455 576 passuum
494 510 793 573 procedens,
832 523 978 572 supra
1007 508 1288 557 Idumaeam
1328 514 1376 556 et
1401 507 1671 556 Samariam

62 581 240 631 Iudaea
264 579 411 643 longe
438 580 632 645 lateque
667 580 901 629 funditur.
977 593 1094 642 pars
1120 579 1224 627 eius
1251 578 1420 642 Syriae
1455 579 1672 625 iniuncta

63 650 275 702 Galilaea
322 656 551 706 uocatur,
590 666 615 699 a
653 651 830 700 ceteris
868 650 972 698 eius
1017 647 1239 712 partibus
1274 647 1484 696 Iordane
1529 661 1672 695 amne

61 720 297 777 discreta,
339 722 423 785 qui
457 720 640 770 fluuius
675 722 834 769 oritur
870 719 930 768 de
974 719 1111 767 fonte
1145 718 1376 767 Paniade.
1452 717 1671 766 secunda

61 790 206 841 elatio
241 790 448 841 Iudaeae
488 790 548 840 ab
583 789 961 855 Hierosolymis,
1015 791 1064 838 in
1102 804 1199 853 quo
1249 787 1403 838 latere
1445 794 1519 837 est
1563 788 1672 836 sons

0 875 38 908 ιο
63 860 348 913 Callirrhoe.
425 861 486 910 ab
522 861 778 910 occidente
812 860 1011 916 Esseni,
1056 860 1139 923 qui
1177 862 1283 908 sine
1324 857 1592 907 concubitu
1622 864 1671 907 et

60 933 247 982 cunctis
275 931 625 994 cupiditatibus
652 933 842 980 uiuunt.
917 930 1032 979 hinc
1060 929 1308 994 aliquanto
1336 930 1543 978 interius
1570 928 1670 977 Ma·

59 1002 176 1052 sada
203 1001 479 1058 castellum,
516 1003 564 1051 in
593 1016 689 1065 quo
716 1001 925 1051 Iudaeae
962 1001 1074 1049 sinis
1102 1006 1190 1049 est.
1267 1001 1489 1063 iungitur
1515 998 1670 1047 Deca-

58 1071 184 1134 polis
231 1072 359 1121 dIcta
398 1087 425 1121 a
468 1086 677 1121 numero
723 1072 990 1120 ciuitatum.
1065 1069 1388 1119 redeuntibus
1424 1070 1484 1119 ad
1533 1084 1669 1118 oram
1702 1083 1786 1124 680

58 1142 352 1192 Phoeniciae
391 1141 580 1191 colonia
618 1140 896 1191 Ptolemais,
971 1156 998 1190 a
1036 1146 1173 1204 tergo
1208 1140 1426 1189 Libanus
1462 1145 1510 1189 et
1535 1141 1666 1188 Anti·
1691 1153 1830 1195 2206

0 1223 36 1258 15
59 1211 252 1262 libanus
301 1219 520 1268 montes,
585 1210 990 1261 interiacentibus
1044 1211 1229 1275 campis
1273 1209 1501 1274 Bargilus
1551 1211 1668 1259 item

57 1297 201 1332 mons
221 1282 373 1332 sedet.
448 1285 564 1331 item
603 1282 738 1346 Syria
779 1282 1034 1330 desinente
1068 1281 1199 1329 inter
1238 1280 1415 1344 oppida
1454 1280 1668 1329 Phoeni-

58 1354 163 1402 ciae
188 1351 469 1408 Antiochia,
499 1367 623 1416 quae
652 1351 841 1401 Oronte
875 1366 1020 1400 amne
1057 1350 1308 1400 diuiditur.
1384 1364 1534 1414 super
1561 1365 1667 1399 eam

57 1436 198 1472 mons
233 1423 434 1471 nomine
461 1422 655 1480 Casius,
694 1423 833 1471 euius
870 1421 1073 1470 altitudo
1100 1426 1273 1486 quarta
1311 1420 1476 1484 uigilia
1514 1419 1668 1469 solem

57 1507 146 1556 per
183 1491 415 1542 tenebras
451 1493 602 1542 uidet.
678 1494 728 1541 in
756 1492 894 1557 Syria
929 1493 1112 1541 fluuius
1137 1491 1416 1555 Euphrates
1451 1492 1668 1540 nascitur
1700 1497 1782 1539 681

0 1573 35 1607 ιο
59 1568 280 1612 amonte
316 1563 399 1625 qui
435 1569 642 1612 uocatur
670 1563 894 1627 Capotes.
970 1561 1038 1611 ibi
1065 1576 1261 1626 quoque
1288 1562 1506 1626 Marsyas
1544 1561 1668 1610 alius

57 1634 232 1682 amnis.
294 1634 422 1682 inter
449 1633 636 1696 Syriam
664 1640 711 1682 et
736 1633 985 1682 Parthiam
1012 1632 1248 1697 oppidum
1275 1632 1502 1696 Palmyra
1530 1646 1667 1680 mox-

57 1718 153 1768 que
178 1703 457 1767 Euphrates
494 1703 700 1760 ssuuiuS‚
739 1705 876 1752 cuius
914 1703 1084 1751 decem
1121 1703 1313 1751 dierum
1352 1702 1667 1765 nauigatione

56 1774 106 1822 in
132 1774 290 1838 ipsam
317 1772 588 1823 Seleuciam
616 1773 916 1823 Parthorum
942 1772 1115 1822 urbem
1145 1774 1406 1821 maximam
1434 1773 1666 1835 perueni-

56 1850 153 1892 tur.
228 1843 315 1893 sed
342 1845 523 1893 scissus
549 1843 827 1907 Euphrates
860 1842 1141 1893 laeuorsum
1178 1844 1227 1891 in
1263 1842 1665 1906 Mesopotamiam

169 2011 193 2060 ἓ
222 2013 304 2052 679
339 2025 394 2052 ex
422 2011 574 2051 Plinio
596 2012 637 2051 V
663 2012 939 2052 68—74‘in.
1010 2008 1028 2063 ΙΙ
1098 2011 1122 2060 ξ
1153 2012 1235 2051 680
1276 2023 1330 2050 ex
1361 2010 1511 2052 Plinio
1543 2012 1582 2052 V
1612 2013 1668 2052 74

56 2069 167 2108 —80
188 2067 252 2110 in.
299 2063 319 2120 Η
369 2067 392 2116 ἓ
423 2068 504 2109 681
539 2081 593 2108 ex
613 2067 764 2109 Plinio
787 2068 827 2108 V
848 2069 902 2109 83
927 2070 972 2108 et
993 2068 1047 2108 88
1078 2070 1124 2107 et
1153 2067 1324 2108 89-90

169 2208 191 2246 1
216 2207 409 2247 eufratis
424 2207 505 2249 BR
524 2205 543 2260 ΙΙ
571 2210 597 2248 2
619 2221 781 2249 zeuma
795 2208 876 2249 BR
896 2205 914 2262 Η
936 2208 1163 2249 ostraciae
1183 2207 1206 2247 b
1227 2204 1246 2261 ΙΙ
1275 2210 1299 2248 3
1323 2172 1668 2250 CLXXX⁸V1111

54 2261 149 2304 mil.
180 2276 225 2316 p.
255 2264 419 2304 Plinius
447 2265 560 2304 V69
609 2261 627 2317 ΙΙ
676 2266 702 2305 5
733 2263 958 2316 ibymeam
988 2264 1027 2304 R
1063 2264 1215 2315 ydime
1247 2263 1288 2303 B
1327 2263 1525 2316 ydimem
1557 2265 1581 2305 b
1629 2262 1648 2317 ss

55 2319 305 2359 samariam
326 2320 350 2360 b
382 2321 584 2360 samarin
606 2320 689 2361 BR
720 2321 920 2361 samaria
941 2321 989 2361 in
1009 2334 1034 2360 r
1055 2322 1117 2372 (et
1137 2326 1236 2360 ante
1258 2333 1373 2362 corr.
1397 2319 1440 2372 b)
1475 2317 1494 2373 [1
1529 2321 1554 2359 6
1595 2320 1667 2359 in·

56 2378 224 2414 cuncta
245 2373 299 2415 R¹
340 2372 359 2428 ΙΙ
407 2377 431 2416 7
462 2376 638 2428 galilea.
659 2376 740 2417 BR
778 2373 799 2430 Η
843 2377 870 2416 8
901 2377 1113 2429 paneade
1142 2376 1207 2416 bR
1244 2372 1264 2429 {l
1314 2375 1519 2416 secunda
1551 2375 1667 2415 latio

55 2430 98 2470 B
138 2430 387 2470 seeundum
426 2431 548 2472 latus
579 2432 603 2472 b
650 2428 671 2486 [Ι
727 2434 753 2473 9
790 2433 955 2473 iudeae
986 2432 1068 2473 BR
1113 2429 1134 2486 Η
1190 2432 1500 2472 hierosolimis
1538 2431 1581 2471 B

57 2487 109 2526 10
140 2486 354 2527 callirroe
385 2486 467 2527 BR
514 2484 533 2540 Η
582 2487 823 2528 occidente
857 2488 880 2528 b
919 2488 1153 2529 occidenti
1183 2488 1225 2527 B
1256 2487 1512 2528 occidentis
1543 2488 1582 2527 R

56 2542 226 2582 essenii
245 2540 303 2582 B¹
345 2539 365 2596 Η
414 2555 524 2583 sene
547 2543 589 2582 B
627 2540 646 2595 ΙΙ
710 2545 762 2584 12
795 2544 959 2585 iudeae
983 2545 1063 2584 BR
1100 2541 1123 2598 fl
1161 2543 1442 2596 decaprailis
1474 2548 1519 2583 ut
1547 2545 1622 2584 nid
1650 2566 1667 2572 -

57 2602 125 2637 tm·
145 2596 203 2637 B¹
246 2595 265 2652 [Ι
306 2600 359 2638 14
388 2599 622 2639 foeniciae
644 2599 726 2639 BR
765 2596 784 2653 ΙΙ
825 2601 877 2640 15
908 2603 1071 2652 etpost
1093 2604 1272 2640 montes
1295 2601 1436 2640 deleta
1455 2601 1498 2639 in
1520 2599 1602 2639 BR
1627 2595 1649 2652 H

54 2652 276 2707 bargylus
298 2654 381 2695 BR
420 2651 440 2708 {l
481 2657 532 2695 16
564 2654 685 2694 sedit
707 2654 765 2694 Βι
806 2652 825 2708 Η
865 2655 1042 2695 siriaB
1081 2652 1099 2709 Η
1141 2657 1336 2707 poeniae
1358 2654 1417 2693 B¹
1454 2652 1472 2707 Η
1511 2656 1561 2695 17
1586 2668 1666 2695 an-

55 2708 197 2750 tiocia
224 2709 285 2749 B¹
333 2707 352 2763 [Ι
404 2712 455 2751 18
489 2711 653 2751 Casius
675 2711 839 2751 Plinius
874 2712 920 2751 V
933 2713 988 2751 80
1029 2713 1206 2750 cassius
1227 2711 1308 2750 BR
1357 2707 1375 2763 ΙΙ
1428 2712 1477 2751 19
1511 2712 1668 2751 eufra-

55 2764 184 2805 tesR
231 2762 250 2817 ΙΙ
299 2767 354 2806 20
386 2767 583 2807 marsias
612 2766 654 2805 B
703 2763 721 2818 ΙΙ
771 2769 822 2806 21
856 2767 1054 2818 partiam
1082 2766 1148 2806 bR
1179 2766 1377 2819 partium
1406 2766 1449 2806 B
1497 2763 1516 2820 ΙΙ
1565 2767 1667 2819 pal-

56 2820 174 2860 mira
194 2820 275 2862 BR
312 2818 332 2875 ΙΙ
371 2823 424 2862 22
457 2823 662 2862 eufrates
685 2823 723 2862 R
757 2819 775 2875 ΙΙ
810 2824 864 2862 23
886 2822 1128 2862 seleutiam
1151 2823 1189 2862 R
1217 2819 1235 2875 Η
1264 2824 1318 2862 24
1340 2822 1541 2864 eufrates
1562 2824 1601 2864 R
1626 2820 1648 2877 ss
