1982 3230
635 0 638 10 ‹
809 0 814 4 <
840 3 847 9 μ
875 12 884 20 ·
940 0 971 18 ,Ὶ-
996 0 1388 56 ἸητἯψψιζςκ-ΆᾟἪῡ-
1414 16 1479 51 ΑΙᾎΆ

1096 47 1116 70 sl
1175 53 1177 56 ·
1246 36 1251 44 Ι
1347 38 1350 40 ¹
1429 34 1434 38 ι
1479 40 1513 68 '¹'.·¹.
1531 53 1561 75 Ὗ.

336 121 438 173 112
696 148 698 150 -
811 109 1112 164 MARTIANI
1134 120 1455 164 CAPELLAE

334 276 683 315 DISPOSITIO.
766 265 830 312 ita
869 279 969 313 non
1007 265 1166 312 omnis
1203 263 1455 329 dispositio
1504 264 1725 324 habituS‚
1774 268 1935 322 omnis

222 349 305 389 368
335 340 496 384 autem
544 334 741 384 habitus
767 335 1016 399 dispositio
1043 349 1150 383 esse
1185 334 1501 397 intellegitur.
1576 337 1791 387 secunda
1827 352 1937 403 spe-

336 407 434 455 cies
461 412 535 454 est
553 421 722 454 earum
743 404 1045 469 qualitatum,
1075 420 1194 469 quas
1218 413 1354 454 recte
1374 405 1632 468 passibiles
1652 406 1935 466 dixerimus,

335 482 389 523 ut
426 475 612 524 dulce
661 482 808 540 atque
854 492 1124 526 amarum
1174 475 1443 524 calidum
1488 475 1570 525 uel
1615 477 1934 542 frigidum,

335 561 435 595 non
463 546 593 611 quod
623 562 682 596 ex
703 547 780 596 his
806 547 1005 596 eaedem
1032 547 1332 596 substantiae
1358 545 1538 610 aliquid
1558 549 1821 612 patiantur,
1847 549 1934 598 sed
1978 561 1982 591 ἐ

335 617 466 682 quod
494 632 668 667 sensus
706 623 899 667 nostros
927 617 1106 682 aliquid
1133 618 1235 682 pati
1261 622 1452 680 cogant.
1529 619 1660 682 cogit
1685 620 1817 668 enim
1843 617 1936 670 ali—

336 687 453 751 quid
480 690 580 751 pati
607 695 655 737 et
688 694 971 752 tangentem
999 687 1133 737 calor
1160 697 1207 736 et
1233 687 1441 736 dulcedo
1477 695 1770 751 gustantem.
1818 690 1936 740 item

335 773 462 821 quae
499 758 643 807 nohis
677 758 773 824 <ex
809 757 967 823 aliqua
1006 759 1231 823 passione
1271 763 1474 807 naturae
1511 759 1821 816 inoleuerint,
1860 776 1936 810 se-

335 829 551 878 cundum
579 845 700 893 quas
725 846 755 894 p
772 846 797 878 a
814 829 1008 878 llidus
1044 831 1251 894 quisque
1278 829 1358 878 uel
1393 828 1588 878 ruber
1615 830 1809 887 dicitur,
1837 845 1937 880 non

335 906 500 948 tamen
537 901 604 948 ita
642 905 696 948 ut
734 901 840 962 quis
878 899 1036 963 aliqua
1076 900 1332 964 repentina
1372 914 1517 948 causa
1555 899 1634 948 uel
1672 900 1821 964 pallet
1855 900 1937 952 uel
1959 912 1982 947 ι·

266 1009 277 1023 ,
335 969 495 1019 rubet.
547 985 659 1019 nam
686 974 821 1034 ipsae
848 972 1103 1034 passiones
1128 971 1326 1027 rectius,
1355 985 1455 1018 non
1483 970 1742 1034 qualitates
1769 970 1935 1036 appel-

335 1040 513 1098 lantur,
542 1041 580 1095 si
608 1041 804 1103 quidem
832 1041 1104 1089 secundum
1131 1040 1219 1089 has
1245 1055 1341 1090 non
1371 1041 1579 1089 dicimur
1605 1040 1788 1105 quales,
1836 1057 1936 1091 non

336 1112 464 1160 enim
503 1113 723 1176 sequitur
759 1113 921 1174 utqui
957 1110 1105 1174 pallet
1130 1111 1191 1159 sit
1228 1110 1533 1175 pallidus,
1574 1118 1656 1160 aut
1694 1113 1777 1176 qui
1810 1119 1939 1162 amat

186 1225 315 1264 109F
336 1189 588 1239 amator,
629 1190 711 1231 aut
736 1183 818 1247 qui
857 1187 930 1230 est
956 1181 1123 1231 ebrius
1149 1180 1451 1231 ebriosus.
1516 1179 1626 1230 illae
1652 1183 1802 1245 igitur
1827 1197 1936 1247 pas-

223 1243 315 1322 355'
337 1255 500 1301 siones
526 1260 657 1308 sunt,
679 1253 769 1301 hae
787 1252 1058 1316 qualitates.
1102 1253 1243 1300 tertia
1271 1252 1459 1316 species
1487 1258 1560 1300 est
1585 1267 1755 1301 earum
1781 1251 1935 1318 quali-
1960 1263 1982 1295 κ

336 1329 504 1380 tatum,
530 1339 652 1387 quae
676 1339 772 1371 non
794 1338 853 1371 ex
872 1338 930 1371 eo
952 1323 1080 1387 quod
1105 1323 1199 1371 iam
1221 1324 1428 1386 quisque
1450 1329 1522 1370 est
1541 1323 1626 1371 sed
1648 1338 1708 1371 ex
1728 1338 1785 1372 eo
1807 1323 1937 1387 quod

338 1410 444 1443 esse
471 1401 632 1458 potest
657 1393 1006 1456 intelleguntur
1035 1400 1087 1442 ut
1113 1393 1319 1441 dicimus
1346 1393 1439 1441 fra
1457 1392 1580 1455 gile
1607 1392 1809 1455 lignum,
1836 1409 1936 1443 non

337 1464 472 1528 quod*
506 1466 600 1512 iam
641 1464 849 1513 fractum
889 1465 951 1512 sit
995 1464 1081 1512 sed
1123 1463 1250 1527 quod
1289 1463 1447 1526 frangi
1494 1464 1659 1527 possit.
1737 1479 1851 1513 nam
1890 1471 1939 1514 et

335 1535 779 1600 palaestricum
818 1549 998 1598 corpus
1025 1533 1217 1582 duobus
1244 1533 1401 1582 modis
1428 1533 1632 1583 dicimus
1659 1540 1707 1582 et
1730 1534 1780 1582 id
1805 1534 1937 1599 quod

335 1605 579 1671 palaestra
605 1606 910 1670 conpositum
938 1611 1034 1660 est,
1065 1612 1111 1654 et
1136 1605 1183 1652 id
1213 1604 1342 1667 quod
1369 1609 1544 1652 natura
1570 1606 1634 1652 ita
1672 1604 1936 1654 formatum
1958 1617 1982 1648 2¹

336 1682 389 1725 ut
408 1677 524 1726 huic
550 1678 643 1725 arti
668 1676 1090 1725 accommodatum
1117 1675 1229 1740 sit,>
1257 1675 1480 1737 quamuis
1507 1689 1563 1723 ea
1584 1689 1682 1722 non
1709 1675 1770 1723 sit
1794 1674 1938 1724 inbu-

335 1754 456 1796 tum.
531 1747 654 1796 illud
692 1754 855 1795 tamen
883 1761 908 1794 a
946 1745 1190 1811 palaestra
1227 1751 1362 1794 recte
1388 1744 1565 1793 dicitur
1591 1744 1937 1809 palaestricum

338 1817 468 1883 quod
504 1819 658 1882 ipsius
696 1818 813 1866 artis
861 1816 1010 1866 habet
1048 1816 1298 1873 effectum,
1348 1830 1448 1863 non
1487 1821 1650 1864 autem
1686 1817 1937 1865 inuenitur
1974 1840 1982 1856 s

338 1890 492 1954 ipsius
519 1888 766 1953 qualitatis
802 1903 982 1936 nomen
1019 1887 1148 1935 unde
1175 1888 1236 1935 sit
1263 1886 1630 1934 denominatum
1659 1892 1707 1934 et
1744 1886 1936 1936 deriua-

338 1966 444 2008 tum
469 1959 813 2024 palaestricum
854 1957 972 2006 illud
1001 1957 1132 2020 quod
1170 1956 1386 2005 nondum
1417 1962 1489 2006 est
1514 1956 1601 2005 sed
1627 1971 1733 2005 esse
1759 1963 1933 2021 potest:
1959 1969 1982 2000 2

340 2045 495 2093 quare
523 2028 919 2092 cognoscendum
948 2035 1020 2077 est
1044 2029 1140 2077 dici
1160 2027 1394 2092 quasdam
1422 2026 1715 2076 substantias
1741 2043 1799 2076 ex
1818 2043 1936 2092 qua-

338 2099 577 2156 litantibus,
618 2115 824 2164 quarum
863 2100 1062 2147 nomina
1100 2113 1200 2146 non
1234 2099 1571 2162 inueniuntur.
1646 2112 1858 2162 namque
1883 2103 1939 2147 ut

337 2170 523 2219 bonum
545 2170 750 2219 dicimus
776 2184 802 2217 a
828 2168 1061 2223 bonitate,
1089 2183 1189 2217 non
1215 2169 1279 2216 ita
1306 2169 1544 2230 optimum
1570 2167 1630 2217 ab
1653 2169 1937 2232 optimitate.

337 2242 402 2290 ita
431 2256 548 2304 ergo
575 2239 940 2305 palaestricum,
971 2238 1101 2302 quod
1129 2237 1456 2300 intellegimus
1483 2254 1543 2286 ex
1569 2254 1628 2286 eo
1665 2239 1796 2300 quod
1821 2253 1935 2303 per-

340 2312 505 2376 cipere
532 2312 684 2376 possit
709 2309 1026 2373 palaestram,
1064 2324 1164 2357 non
1191 2307 1339 2356 habet
1364 2313 1553 2357 certum
1581 2307 1821 2372 qualitatis
1846 2323 1935 2358 no·
1959 2321 1982 2357 a

338 2397 451 2431 men
479 2398 538 2431 ex
559 2396 656 2446 quo
683 2381 864 2430 dictum
890 2379 1100 2436 uidetur,
1129 2384 1318 2428 constat
1342 2384 1504 2427 tamen
1532 2394 1557 2427 a
1575 2377 1804 2443 qualitate
1829 2394 1937 2429 esse

229 2463 311 2502 370
342 2452 539 2502 dictum.
615 2457 787 2516 quarta
813 2452 1004 2514 species
1031 2457 1104 2500 est
1130 2464 1299 2498 earum
1325 2448 1625 2514 qualitatum,
1665 2449 1934 2499 secundum

342 2539 461 2587 quas
487 2526 671 2572 formas
697 2522 976 2586 figurasque
1010 2519 1363 2583 intellegimus,
1405 2524 1458 2568 ut
1497 2519 1797 2582 quadrum
1831 2534 1934 2568 ro·

339 2594 594 2643 tundum
621 2592 955 2655 pulchrum
993 2591 1275 2640 deforme
1313 2595 1360 2639 et
1386 2589 1574 2638 similia.
1617 2591 1792 2653 recipit
1816 2605 1935 2655 qua-

453 2734 477 2773 1
499 2738 542 2773 et
570 2735 595 2772 2
626 2733 780 2774 abitus
801 2733 839 2772 R
876 2728 896 2786 ΙΙ
941 2732 967 2772 5
998 2730 1157 2771 eadem
1178 2731 1216 2770 R
1253 2726 1272 2783 ΙΙ
1321 2731 1345 2770 7
1374 2730 1475 2782 pati
1503 2729 1613 2769 utR
1633 2726 1693 2781 (?)
1741 2726 1762 2783 ΙΙ
1808 2731 1835 2771 8
1863 2730 1933 2778 in'-

342 2790 541 2834 oluerint
562 2790 602 2829 D
627 2785 659 2843 ΙΙ
698 2790 751 2830 15
780 2789 868 2828 hae
890 2789 930 2828 D
961 2800 1045 2828 eae
1067 2786 1109 2826 B
1140 2790 1186 2827 et
1214 2799 1306 2826 non
1326 2785 1350 2826 b
1447 2787 1499 2826 19
1529 2785 1798 2838 palestrium
1819 2787 1860 2826 D
1894 2781 1937 2841 ΙΙ

343 2849 397 2886 21
431 2845 794 2886 acommodatum
819 2844 862 2885 B
893 2842 1256 2889 acummodatum
1291 2843 1329 2882 D
1373 2838 1380 2895 Ι
1438 2841 1648 2881 inbutum
1674 2842 1715 2881 D
1746 2842 1934 2885 inbutus

343 2901 386 2941 B
414 2902 610 2943 imbutus
630 2902 670 2943 R
714 2897 735 2955 ΙΙ
782 2902 839 2942 24
867 2900 1115 2940 diriuatum
1134 2899 1174 2940 R
1219 2895 1241 2953 ΙΙ
1287 2899 1339 2939 27
1369 2910 1474 2938 nam
1494 2897 1533 2937 R
1587 2893 1607 2951 ΙΙ
