1982 3230
15 0 75 156 ¹2³²„
766 109 951 152 mann
980 110 1027 152 11
1629 106 1697 159 51

28 309 38 317 ‚
87 254 264 311 flectit,
298 251 383 303 ubi
417 258 641 302 senatum
687 251 834 301 deum
861 266 888 300 a
925 250 1043 301 Ioue
1078 255 1290 300 nouerat
1323 254 1697 314 congregatum.

90 330 194 374 erat
219 328 381 374 autem
406 321 476 372 ibi
501 320 697 372 Iouialis
725 321 915 378 domuS,
945 336 1072 387 quae
1099 322 1245 371 etiam
1272 319 1546 385 granditate
1574 319 1698 368 mira

90 393 393 444 mundanum
431 391 668 442 ambitum
704 392 981 457 possideret
1017 397 1064 441 et
1089 391 1270 441 decore
1306 391 1575 455 conspicuo
1603 388 1699 439 ful-

92 478 262 529 gorem
304 462 521 513 siderum
563 463 789 513 uinceret
833 468 880 512 et
917 461 1202 526 obliquitate
1240 462 1362 512 situs
1406 460 1697 524 signiferum

43 546 65 580 5
87 533 328 586 circulum
347 533 646 583 decussaret.
698 538 959 597 praeterea
984 538 1120 582 tanto
1147 531 1412 596 splendore
1437 530 1699 582 renidebat

83 610 139 656 ut
173 604 363 668 argenti
403 603 692 653 crederetur
729 602 968 652 fabricata
1001 603 1223 652 materia.
1300 601 1369 651 ibi
1403 608 1541 666 septa
1579 616 1693 651 can·
1728 612 1784 652 46
1806 611 1844 652 G

84 674 246 725 dentia
281 672 575 738 culmenque
618 678 862 737 septatum
897 671 1059 722 limbis
1104 671 1352 723 niualibus
1395 671 1693 721 albicabant.

67 743 169 796 'ubi
194 745 292 794 iam
318 744 538 809 luppiter
566 759 679 794 cum
705 744 893 794 Iunone
930 743 1259 808 omnibusque
1287 743 1412 792 diuis
1439 744 1488 792 in
1515 756 1693 807 sugge·
1725 752 1810 793 209

28 808 49 837 ³²
82 821 162 866 stu
196 815 409 864 maximo
437 830 494 864 ac
528 814 773 864 subselliis
799 814 970 864 lacteis
1004 813 1229 864 residens
1255 813 1510 878 sponsales
1547 827 1692 878 prae-

18 888 61 931 lo
83 884 288 937 stolatur
313 885 569 935 aduentus,
634 886 719 951 qui
744 883 888 935 simul
913 884 1167 934 Musarum
1202 899 1356 934 uoces
1383 899 1450 933 ac
1486 883 1697 934 dissonis

35 1014 39 1019 ,
79 955 209 1006 mela
239 954 402 1005 dulcia
429 955 686 1006 cantilenis
711 956 905 1019 uirgine
933 955 1228 1005 adueniente
1255 956 1493 1019 percepit,
1521 955 1690 1018 priore

78 1025 188 1076 loco
214 1027 467 1090 praecepit
491 1028 662 1076 uenire
691 1025 978 1091 Cyllenium,
1009 1041 1119 1075 cum
1149 1041 1246 1090 quo
1273 1024 1422 1075 Liber
1450 1031 1498 1074 et
1524 1023 1690 1075 Delius
1724 1034 1811 1076 210
1846 1055 1851 1062 -

78 1097 163 1146 fidi
195 1097 611 1161 amantissimique
637 1096 873 1160 germani,
901 1095 1140 1146 Hercules
1177 1097 1339 1152 etiam,
1367 1101 1578 1160 uterque
1604 1096 1693 1146 Ca-

79 1175 271 1217 storum
292 1166 636 1231 Gradiuusque
663 1172 711 1216 et
737 1167 969 1231 quicquid
997 1167 1202 1216 deorum
1230 1167 1290 1216 de
1315 1166 1434 1217 Ioue
1459 1167 1691 1230 progeni-

18 1246 57 1279 15
82 1245 183 1288 tum
211 1243 284 1287 est
311 1236 511 1302 Cyllenii
538 1237 837 1287 adhaerebat
863 1237 1042 1287 officio.
1108 1236 1465 1287 elementorum
1492 1251 1692 1302 quoque
1723 1246 1806 1286 211

78 1307 332 1373 praesides
365 1307 670 1372 angelicique
703 1307 875 1372 populi
899 1307 1239 1372 pulcherrima
1285 1307 1548 1357 multitudo
1586 1308 1691 1356 ani-

78 1393 285 1444 maeque
331 1384 588 1442 praeterea
638 1377 898 1427 beatorum
948 1384 1199 1434 ueterum,
1242 1393 1368 1443 quae
1417 1379 1514 1426 iam
1567 1376 1692 1427 caeli

77 1447 258 1512 templa
279 1454 578 1505 meruerant,
601 1462 799 1512 gressus
818 1448 1104 1512 Maiugenae
1125 1448 1477 1513 sequebantur.
1516 1447 1691 1497 Linum
1725 1455 1808 1494 212

76 1518 348 1569 Homerum
384 1519 800 1584 Mantuanumque
844 1525 1012 1569 uatem
1057 1519 1311 1569 redimitos
1354 1524 1690 1583 canentesque

0 1604 56 1640 ἰο
80 1590 417 1654 conspicereS,
459 1589 713 1654 Orpheum
750 1595 895 1654 atque
920 1590 1269 1641 Aristoxenum
1301 1589 1479 1639 fidibus
1514 1604 1688 1653 perso-

75 1665 264 1716 nanteS,
283 1659 535 1709 Platonem
550 1660 994 1725 Archimedemque
1019 1661 1291 1726 <sphaeras
1318 1675 1493 1710 aureas
1519 1658 1690 1710 deuol-

77 1736 265 1780 uenteS.
314 1730 521 1780 ardebat
538 1729 831 1787 HeraclituS,
859 1730 987 1780 udus
1007 1730 1203 1788 ThaleS,
1233 1731 1561 1780 circumfusus
1583 1735 1688 1779 ato·
1719 1742 1805 1782 213

74 1800 167 1849 mis
193 1800 503 1850 Democritus
540 1799 816 1850 uidebatur.
883 1800 1075 1850 Samius
1108 1801 1413 1867 Pythagoras
1451 1800 1689 1851 caelestes

76 1870 317 1933 quosdam
337 1885 574 1921 numeros
599 1870 884 1934 replicabat,
913 1871 1200 1921 Aristoteles
1225 1887 1316 1936 per
1343 1870 1464 1921 caeli
1490 1886 1689 1936 quoque

0 1938 290 2000 .25.culmina
324 1939 657 1990 Entelechiam
705 1940 1046 2006 scrupulosius
1090 1941 1400 2005 requirebat,
1439 1942 1688 2006 Epicurus

74 2025 196 2060 uero
245 2012 421 2060 mixtas
457 2011 602 2061 uiolis
636 2026 776 2062 rosas
814 2020 862 2061 et
903 2017 1029 2062 totas
1064 2012 1358 2078 apportabat
1404 2011 1687 2063 inlecebras

75 2079 398 2147 uoluptatum.
461 2081 592 2131 Zeno
620 2081 834 2132 ducebat
867 2081 1099 2132 feminam
1126 2083 1495 2148 prouidentem‚
1533 2084 1687 2132 Arce-

73 2150 187 2200 silas
231 2150 411 2209 collum
448 2153 645 2203 intuens
682 2152 1050 2214 columbinum,
1097 2153 1384 2218 multusque
1421 2159 1685 2217 praeterea

73 2219 385 2285 palliatorum
411 2222 623 2287 populus
649 2223 822 2273 studiis
850 2223 1247 2289 discrepantibus
1273 2223 1570 2282 dissonabat,
1601 2224 1684 2289 qui

0 2307 51 2341 so
74 2291 273 2355 quidem
310 2307 481 2343 omnes
506 2294 634 2344 inter
661 2293 912 2344 Musarum
950 2295 1167 2345 carmina
1203 2295 1571 2356 concinentium
1601 2309 1688 2344 au-

73 2361 166 2411 diri
201 2361 317 2412 licet
351 2369 725 2428 perstreperent
760 2363 894 2414 nullo
920 2370 1129 2429 potuere
1164 2365 1388 2415 reboatu.
1454 2367 1686 2415 ueniente
1718 2374 1806 2415 214

71 2432 220 2495 igitur
256 2433 660 2499 introgressoque
695 2434 910 2500 Cyllenio
938 2437 1096 2486 omnis
1133 2434 1214 2486 ille
1241 2435 1448 2486 deorum
1485 2442 1689 2486 senatus

185 2604 211 2643 3
242 2601 410 2643 decora
432 2602 470 2643 R
517 2599 537 2656 Η
585 2603 612 2643 4
643 2602 920 2654 obliquitate
940 2606 1100 2656 scripsi
1127 2605 1337 2645 nouitate
1359 2603 1442 2645 BR
1500 2600 1506 2658 Ι
1554 2605 1580 2644 5
1611 2603 1690 2645 de-

75 2661 257 2699 cusaret
277 2658 359 2700 BR
387 2655 406 2712 ΙΙ
443 2660 466 2699 ’7
498 2662 726 2699 sectatum
747 2660 785 2699 R.
813 2656 831 2713 [l
867 2661 920 2700 21
954 2660 1339 2713 archimedenque
1360 2659 1443 2701 BR
1471 2656 1477 2713 Ι
1528 2659 1584 2700 de
1608 2671 1687 2701 au-

71 2725 175 2755 reas
196 2714 237 2754 D
275 2711 296 2769 Η
333 2717 387 2756 22
419 2714 539 2757 tales
560 2715 603 2755 B
638 2711 657 2769 Η
698 2715 895 2756 athomis
917 2716 957 2756 D
990 2712 1009 2769 ΙΙ
1049 2718 1103 2757 23
1134 2716 1418 2769 phytagoras
1437 2715 1480 2755 B
1502 2715 1685 2770 phitha-

73 2781 208 2823 goras
237 2772 278 2811 D
327 2771 346 2825 Η
394 2774 449 2813 25
489 2771 766 2813 endeliciam
796 2773 840 2812 B
873 2770 1150 2813 edelichiam
1180 2772 1204 2813 b
1237 2771 1528 2814 endelchiam
1556 2773 1599 2812 D
1647 2769 1668 2827 ΙΙ

73 2826 128 2867 27
159 2827 370 2868 arcisilas
391 2828 434 2869 B
466 2827 720 2870 archesilas
743 2828 766 2868 b
798 2826 1044 2869 archisilas
1066 2829 1107 2868 D
1145 2825 1168 2882 ss
1211 2830 1267 2870 30
1304 2829 1620 2871 continentum
1642 2830 1685 2869 D

77 2883 399 2926 concinentum
419 2885 462 2925 B
509 2882 529 2939 Η
578 2886 630 2927 31
662 2884 859 2926 reboatu
882 2885 1109 2938 Huyianus
1138 2884 1359 2927 rabulatu
1378 2886 1464 2927 BD
1511 2882 1533 2941 ll

1262 2953 1338 3004 4*
