1982 3230
143 436 200 475 92
223 433 257 474 G
287 435 429 485 passe
457 420 743 483 detegamus
770 426 852 469 aut
878 421 1024 469 etiam
1053 426 1222 469 contra
1250 420 1474 484 regulam
1501 421 1757 472 defecisse.

143 506 228 545 325

282 68 354 121 96
764 68 1065 110 MARTIANI
1094 66 1414 111 GAPELLAE

286 226 412 276 quae
448 210 577 258 enim
604 209 682 257 his
707 209 881 259 formis
918 214 1182 272 conspecta
1217 209 1402 259 fuerint
1442 225 1542 260 non
1579 213 1762 271 teneri,
1801 227 1895 278 pro
1950 274 1955 276 ῃ

287 286 422 330 certo
459 278 680 329 anomala
719 278 995 328 iudicanda.
1072 294 1198 344 quae
1236 281 1445 330 strictim
1485 282 1757 347 exigueque
1790 297 1907 332 me-·

286 349 508 406 morab0‚
547 354 798 398 utcontra
840 351 1084 398 rationem
1123 349 1267 399 etiam
1293 366 1437 400 usum
1464 351 1711 417 quendam
1746 367 1894 403 usur·
1950 345 1966 405 ἔ

1949 428 1970 452 4,

430 491 550 540 Cum
578 490 880 539 nominatiuo
903 489 1137 554 singulari
1163 505 1309 540 reus
1337 498 1384 540 et
1410 492 1557 541 deus
1581 491 1756 541 similia
1781 493 1893 552 sint,
1916 463 1974 557 εἶ

287 576 440 625 quare
465 560 642 625 plurali
676 560 734 608 hi
771 562 866 609 rei
902 560 1133 610 dicuntur
1161 566 1208 609 et
1232 576 1350 610 usus
1378 561 1494 611 dicit
1527 561 1590 610 hi
1625 562 1685 611 di
1723 568 1895 613 contra

285 630 526 696 regulam,
557 645 670 680 cum
699 631 798 679 dei
837 637 1028 680 tantum
1056 630 1186 696 dici>
1214 630 1432 689 deberet,
1460 633 1755 695 praesertim
1781 647 1895 683 cum
1951 627 1967 682 ἶ

287 703 532 765 genitiuus
570 702 872 750 nominatiuo
900 716 989 750 suo
1018 699 1208 750 duabus
1234 700 1431 767 syllabis
1457 717 1556 750 non
1584 701 1763 752 debeat
1786 701 1894 752 lon·-
1950 694 1969 758 Ξ

287 773 394 834 gior
418 772 649 827 inueniri,
679 771 810 834 quod
836 771 917 820 hic
958 771 1152 820 eueniet
1177 772 1216 820 si
1245 771 1465 821 dicamus
1491 773 1779 823 deorum?
1806 788 1896 822 cur
1951 763 1969 830 ζ-

286 841 497 891 Thoas
526 848 573 890 et
598 841 752 890 Aeas
779 856 892 890 cum
919 840 1094 890 similia
1121 842 1217 890 sint
1242 841 1541 891 Thoantis
1569 850 1618 892 et
1641 843 1896 893 Aeantis
1918 847 1973 898 m}

287 913 492 966 faciant,
530 913 766 960 Aeneas
815 926 914 960 non
945 912 1078 967 ,facit
1113 911 1449 961 Aeneantis
1495 912 1583 961 sed
1617 913 1895 963 Aeneae?
1955 934 1958 935 ⁷

287 997 376 1032 cur
416 997 527 1031 cum
567 982 646 1030 hic
696 981 912 1049 biceps
964 987 1011 1029 et
1059 982 1303 1045 triceps
1354 982 1596 1040 dicamus,
1649 983 1895 1047 genitiuus

285 1051 481 1102 duabus
508 1057 680 1101 contra
714 1050 937 1115 regulam
964 1050 1161 1117 syllabis
1187 1056 1377 1101 crescat
1404 1057 1452 1101 et
1489 1052 1778 1117 bicipitis
1813 1059 1898 1102 aut

288 1123 595 1187 tricipitis
631 1121 848 1171 dicamus
884 1136 984 1169 non
1031 1120 1266 1185 bicipis
1305 1128 1388 1171 aut
1424 1122 1708 1186 tricipis‘?
1763 1123 1895 1172 unde

286 1194 424 1243 uenit
461 1200 514 1242 ut
551 1191 755 1256 aliger
803 1191 1072 1255 frugifer
1120 1192 1435 1256 accipiter
1472 1192 1688 1242 habeant
1725 1207 1896 1243 omnes
1917 1184 1974 1240 ιὲ

285 1262 807 1328 casu8,1uppiter
857 1262 980 1311 duos
1020 1261 1228 1311 habeat?
1291 1277 1403 1311 cum
1453 1269 1709 1313 sanctus
1757 1265 1896 1328 pius
1951 1251 1973 1331 3

286 1333 483 1382 bonus
522 1331 697 1382 similia
723 1334 833 1389 sint,
864 1347 952 1381 cul
978 1331 1186 1381 dicimus
1212 1333 1517 1391 sanctior,
1547 1339 1596 1382 et
1619 1334 1757 1398 pior
1794 1347 1897 1383 non
1955 1320 1970 1383 Ῐί

286 1403 525 1452 dicimus‘?
585 1402 763 1452 deinde
817 1403 1099 1452 sanctior
1149 1404 1614 1452 sanctissimus:
1666 1402 1896 1452 honior
1955 1438 1967 1470 ζ

286 1474 668 1523 benissimus
706 1487 806 1522 non
846 1472 1095 1521 dicamus?
1147 1487 1257 1521 cum
1297 1471 1426 1521 dicat
1458 1472 1699 1537 Vergilius
1733 1473 1897 1522 ‘fandi
1947 1478 1969 1531 5

287 1551 434 1608 atque
481 1543 709 1592 nefandi'
760 1557 872 1591 cum
921 1557 946 1591 a
998 1541 1270 1591 nefando
1319 1542 1540 1592 dicamus
1588 1542 1894 1601 nefariu5‚
1916 1536 1971 1590 zd

286 1629 314 1663 a
341 1613 528 1663 fando
556 1613 756 1662 sarius
793 1627 894 1662 non
921 1612 1126 1661 dicitur?
1166 1627 1319 1677 quare
1355 1615 1681 1663 seiunctus
1719 1614 1897 1663 amissa

286 1685 653 1749 praepositione
691 1683 869 1732 dicitur
905 1684 1183 1739 iunctus,
1234 1697 1494 1732 securus
1546 1691 1594 1732 et
1642 1682 1896 1742 sedulus
1957 1738 1963 1746 ι

286 1755 461 1804 eadem
487 1754 678 1819 perdita
705 1768 804 1802 non
830 1752 1027 1803 ualeant
1051 1753 1345 1802 memorari?
1384 1769 1496 1803 cum
1522 1753 1740 1803 dicamus
1776 1755 1895 1802 sin-

285 1824 419 1889 guli
466 1825 613 1882 uiri,
653 1823 943 1888 singulae
979 1822 1305 1881 mulieres,
1346 1823 1596 1888 singula
1633 1825 1892 1880 scrinia;
1967 1871 1973 1885 ‚

286 1910 444 1958 quare
482 1909 583 1943 non
622 1893 828 1943 dicimus
866 1893 1152 1958 singulus
1191 1895 1315 1951 uir,
1355 1893 1604 1958 singula
1641 1893 1888 1951 mulier,
1912 1894 1969 1951 25

288 1963 599 2027 singulum
627 1965 959 2013 scrinium?
998 1978 1110 2013 cum
1149 1978 1343 2013 uenor
1367 1979 1577 2029 piscor
1615 1978 1904 2041 aucupor

284 2034 466 2083 similia
493 2036 616 2092 sint,
656 2049 743 2083 cur
781 2040 1046 2083 uenator
1087 2041 1136 2084 et
1171 2035 1450 2098 piscator
1487 2034 1667 2085 dicitur
1705 2039 1754 2083 et
1790 2049 1893 2084 au·
1952 2030 1972 2085 ’ἰ

286 2111 554 2168 eupator
590 2118 690 2153 non
730 2103 908 2153 dicitur
945 2103 1032 2153 sed
1069 2104 1332 2169 auceps?
1371 2119 1460 2153 cur
1497 2103 1643 2154 uolo
1681 2119 1781 2153 non
1806 2104 1894 2154 ha·

287 2174 373 2224 bet
409 2174 778 2239 imperatiuum‘?
817 2189 905 2222 eur
931 2173 955 2222 f
962 2188 1065 2222 are
1100 2175 1310 2238 primam
1335 2174 1478 2223 uerbi
1502 2188 1767 2238 personam
1793 2187 1895 2223 non
1962 2186 1973 2215 ‘12

288 2244 469 2294 liabet‘?
508 2259 659 2309 quare
696 2243 872 2294 soleo
909 2245 1233 2308 praeteritum
1269 2244 1544 2309 perfectum
1585 2258 1685 2293 non
1710 2231 1977 2303 Ιιαὴθῐῖῧος.

285 2329 402 2364 cum
441 2320 621 2363 canta
660 2320 708 2364 et
743 2314 885 2364 laua
939 2313 1112 2364 similia
1150 2315 1271 2371 sint,
1312 2329 1401 2364 cur
1439 2315 1695 2364 cantaui
1731 2314 1891 2371 faciat,
1960 2315 1970 2377 ζ

286 2392 338 2434 et
375 2383 591 2434 lauaui
636 2399 736 2434 non
774 2385 951 2434 faciat?
1011 2385 1130 2434 item
1168 2399 1424 2434 corusca
1467 2391 1514 2433 et
1562 2390 1736 2433 tona:
1791 2399 1893 2434 co·

288 2457 547 2504 ruscaui
571 2456 701 2512 facit,
740 2456 955 2505 tonaui
991 2469 1091 2504 non
1117 2454 1263 2504 facit?
1301 2454 1578 2519 quidquod
1605 2469 1715 2519 ego
1740 2469 1893 2504 unum
1964 2454 1966 2457 ’

288 2539 458 2575 casum
506 2526 730 2590 recipit?
798 2540 910 2574 cum
964 2524 1270 2575 calciatus
1317 2532 1596 2575 armatus
1641 2529 1892 2589 togatus
1955 2574 1968 2593 ÷

403 2723 429 2761 2
454 2724 709 2774 exiguaque
731 2721 774 2761 B
812 2718 831 2775 ll
870 2722 895 2761 6
926 2721 973 2762 hi
995 2720 1059 2761 dii
1079 2721 1163 2761 BD
1202 2718 1221 2775 ΙΙ
1261 2723 1286 2762 7
1316 2720 1537 2763 deberent
1557 2720 1640 2761 BR
1660 2733 1773 2762 corr.
1796 2735 1826 2773 p
1851 2718 1875 2831 Η

292 2778 343 2817 12
376 2790 456 2818 cur
488 2791 588 2818 cum
617 2779 659 2818 B
697 2778 866 2818 circum
896 2778 935 2818 R
986 2774 1005 2830 Η
1060 2779 1113 2818 19
1143 2777 1355 2831 uirgilius
1389 2777 1439 2817 br
1473 2776 1603 2829 (Aen.
1634 2776 1667 2816 I
1691 2775 1801 2830 543)

287 2834 344 2872 33
374 2846 482 2886 rego
505 2834 529 2874 b
567 2831 585 2887 Η
625 2836 679 2874 34
710 2833 947 2874 calceatus
967 2830 1027 2873 B¹
1064 2829 1088 2887 fl
1165 2854 1168 2855 ν
1952 2826 1982 2881 ‘ii

1901 2895 1982 3230 i
