1982 3230
1366 9 1388 16 ..-

299 101 403 155 142
774 94 1076 143 MARTIANI
1104 99 1426 142 OAPELLAE
1454 148 1458 151 b

300 260 412 294 cum
437 245 504 292 ita
531 244 616 299 sit,
646 241 878 291 emeritae
914 240 1203 303 granditatis
1227 242 1390 306 pudor
1418 247 1466 292 et
1492 241 1728 292 celebrati
1753 251 1906 308 (Πιθη-

299 322 404 364 tum
434 318 550 377 pote
577 312 791 360 nominis
819 310 971 375 gloria
998 311 1121 361 haec
1146 312 1607 362 inchoamentorum
1633 313 1902 376 primordia

232 381 259 448 ’Ξ
299 385 599 433 detrectaret
629 396 926 449 &eurr-ege,
966 383 1018 430 ni
1046 389 1093 431 et
1116 381 1212 431 hoc
1247 383 1307 431 ad
1344 382 1720 432 immortalitatis
1757 398 1900 447 prae·

297 456 453 503 mium
480 453 746 516 proficeret
782 452 911 516 quod
947 451 1153 509 iubetiS,
1182 467 1238 501 ac
1264 452 1441 502 fiducia
1468 469 1548 502 me
1586 455 1907 517 perennitatis

296 523 535 573 accendat
571 523 748 587 exequi
784 521 864 571 uel
900 522 1171 586 primordia
1211 528 1373 572 tamen
1410 523 1527 572 Ioue
1567 539 1677 572 cum
1716 525 1906 588 superis
1947 533 1982 579 5]

296 596 585 658 imperante.
670 593 898 656 accingar
955 594 1105 656 igitur
1163 593 1287 642 haec
1337 594 1547 642 aridiora
1610 608 1906 657 percurrere

295 666 458 714 minus
480 665 677 730 quidem
704 679 852 729 quam
871 663 1136 727 publicitus
1163 663 1298 712 soleo
1325 663 1580 728 placitura,
1609 679 1906 729 quamquam

206 786 212 790 ,
296 737 338 783 si
375 734 600 784 Pallados
651 749 796 783 aures
845 740 991 798 atque
1030 734 1315 801 Arcadicam
1366 737 1626 805 rationem
1646 686 1943 849 beniuojae'

296 807 566 875 majestatis
588 805 905 869 participaret
932 795 1164 861 asse'n'siO,
1194 798 1414 853 n'e'nunc
1442 794 1795 869 qilide‘m‘apud
1815 819 1907 854 uos

144 884 276 926 1406*
297 877 496 924 maximi
535 875 732 925 caelites
772 874 1056 937 displicebo,
1124 877 1305 939 quippe
1341 890 1450 924 sum
1485 877 1591 938 ipsa
1626 875 1903 932 Rhetorica,
1926 883 1974 918 10

181 961 264 1003 438
298 961 445 1010 quam
477 945 554 995 alii
581 953 753 1000 artem,
776 946 1012 994 uirtutem
1035 944 1116 993 alii
1148 945 1330 1001 dixere,
1356 945 1436 994 alii
1466 943 1788 1008 disciplinam.
1829 951 1905 994 ar·-
1963 935 1982 1011 33

296 1024 396 1066 tem
416 1031 539 1065 uero
562 1016 745 1065 idcirco
769 1016 882 1079 quia
911 1015 1107 1070 doceor,
1137 1014 1249 1064 licet
1261 1014 1399 1064 Plato
1426 1015 1540 1064 huic
1557 1013 1801 1064 uocabulo
1828 1031 1906 1064 re-

296 1087 532 1149 fragetur.
582 1087 818 1135 uirtutem
853 1090 1015 1133 autem
1043 1084 1273 1149 (dicunt,
1303 1086 1386 1149 qui
1409 1085 1534 1133 mihi
1559 1084 1685 1134 bene
1712 1085 1908 1134 dicendi

294 1159 458 1206 inesse
496 1157 747 1206 scientiam
795 1160 1159 1218 compererunt.
1238 1156 1322 1218 qui
1358 1155 1507 1204 edisci
1552 1169 1674 1204 uero
1713 1154 1907 1204 dicendi

296 1229 517 1276 intimam
545 1227 785 1275 rationem
814 1232 862 1275 et
886 1226 1076 1290 percipi
1101 1240 1245 1288 posse
1280 1240 1381 1273 non
1418 1227 1668 1285 nesciunt,
1695 1225 1904 1275 fidenter
1930 1234 1972 1269 15

295 1313 376 1347 me
403 1303 628 1346 asserunt
655 1296 978 1360 disciplinam.

181 1382 265 1422 439
440 1378 720 1416 OFFICIVM
747 1382 867 1415 uero
896 1381 1059 1414 meum
1088 1371 1161 1414 est
1183 1366 1346 1415 dicere
1374 1367 1594 1430 apposite
1620 1365 1681 1415 ad
1702 1379 1907 1430 persua-

297 1437 528 1493 dendum,
557 1448 710 1486 FINIS
727 1436 1030 1500 persuadere
1052 1436 1101 1483 id
1115 1435 1246 1499 quod
1264 1442 1336 1484 est
1350 1437 1660 1500 propositum
1675 1380 1928 1493 dictione]

298 1524 423 1573 quae
463 1507 659 1570 quidem
697 1506 852 1556 uerba
890 1507 989 1555 mei
1028 1506 1277 1555 Ciceronis
1315 1511 1542 1562 attestor,
1584 1506 1722 1556 cuius
1760 1506 1904 1555 etiam
1979 1514 1982 1518 ⁴

297 1577 534 1641 exemplis
560 1593 639 1626 me
665 1591 753 1640 per
781 1591 952 1625 omnes
967 1577 1179 1645 ἔξω
1199 1577 1561 1640 praeceptionis
1583 1576 1757 1625 ductus
1784 1590 1901 1624 con·
1917 1587 1982 1630 201

179 1656 266 1696 440
298 1654 562 1712 sequenter
597 1662 813 1696 usuram.
889 1657 1181 1696 MATERIES
1221 1653 1384 1694 autem
1412 1645 1593 1708 duplex
1619 1651 1717 1704 est,
1744 1645 1830 1694 ubi
1856 1651 1904 1694 et

296 1718 428 1768 unde
465 1719 548 1766 fiat
573 1718 742 1766 oratio:
771 1729 896 1772 VB1‚
928 1715 1030 1782 [ut]
1063 1731 1175 1765 cum
1201 1717 1355 1780 ipsius
1382 1715 1604 1765 membra
1640 1715 1902 1780 adgredior

298 1789 622 1853 quaestionis:
649 1799 824 1843 VNDE,
855 1802 969 1836 cum
994 1801 1075 1836 res
1100 1787 1331 1836 inuentae
1356 1785 1608 1850 uerbaque
1634 1787 1900 1835 sociantur.
1980 1822 1982 1824 -

181 1881 262 1921 441
441 1883 732 1933 QVAESTIO
759 1873 864 1936 ipsa
890 1877 974 1920 aut
998 1882 1197 1920 FINITA
1224 1876 1296 1920 est
1322 1876 1405 1920 aut
1429 1880 1710 1920 INFINITA.
1770 1869 1902 1918 finita

297 1948 384 2001 est,
409 1958 522 1992 cum
543 1943 760 1992 nascitur
781 1941 842 1991 de
869 1946 1004 1991 certo
1022 1942 1152 1991 facto
1174 1940 1610 2007 demonstratque>
1621 1954 1901 2006 personam,
1924 1961 1969 1995 25

296 2019 350 2063 ut
397 2014 447 2061 in
496 2013 738 2062 Rosciana
785 2013 1037 2076 quaeritur
1084 2012 1335 2062 Ciceronis
1381 2017 1549 2060 utrum
1599 2009 1904 2060 interfecerit

295 2089 487 2146 patrem
512 2083 732 2132 Roscius.
806 2083 993 2130 infinita
1019 2080 1098 2131 illa
1126 2087 1210 2139 est,
1240 2097 1365 2146 quae
1391 2080 1686 2144 generaliter
1712 2081 1903 2144 quaerit

173 2186 239 2227 ‚m
297 2160 461 2202 utrum
489 2153 551 2200 sit
585 2151 768 2217 aliquid
804 2152 1162 2216 appetendum,
1192 2158 1246 2200 ut
1271 2167 1332 2200 an
1366 2150 1812 2216 philosophandum
1838 2151 1900 2199 sit

263 2165 347 2276 lin
373 2222 634 2272 Hortensio
671 2221 962 2285 disputatur.
1023 2221 1357 2284 insuperiore
1384 2227 1548 2270 autem
1575 2220 1752 2269 crebro
1779 2220 1897 2269 assi-

296 2293 489 2357 dueque
515 2291 772 2342 conluctor
798 2298 943 2356 atque
969 2306 1076 2341 eam
1104 2291 1304 2341 Graecis
1328 2290 1512 2356 placuit
1535 2286 1783 2344 ὑπόθεειν
1809 2303 1897 2339 no·
1921 2311 1964 2345 ω

407 2478 434 2517 2
464 2479 571 2530 pote
600 2476 759 2528 scripsi
786 2476 896 2528 puto
917 2473 1001 2514 BR
1045 2471 1065 2527 ΙΙ
1112 2475 1141 2514 4
1169 2472 1339 2515 fiducia
1367 2485 1440 2514 me
1462 2473 1655 2514 Halmius
1683 2471 1899 2513 fiduciam

293 2533 377 2574 BR
407 2532 578 2573 fiducia
613 2532 664 2573 br
716 2528 735 2585 Η
789 2532 815 2572 5
847 2529 1076 2571 accendat
1095 2531 1159 2571 Rb
1200 2528 1460 2571 accedatB
1498 2526 1522 2584 H
1572 2527 1819 2583 primordia
1848 2528 1900 2568 br

293 2591 494 2643 primora
513 2589 596 2630 BR
632 2585 655 2643 1]
691 2590 715 2629 7
748 2598 885 2642 quam
914 2585 1148 2639 pollicitus
1169 2586 1192 2627 b
1232 2583 1251 2640 Η
1290 2587 1316 2627 8
1348 2585 1702 2627 archadicamD
1732 2583 1898 2624 archa,

295 2645 418 2686 diam
436 2645 519 2687 BR
565 2641 586 2698 H
633 2647 659 2686 9
692 2644 912 2694 assensio,
945 2655 1003 2683 ne
1034 2655 1155 2683 nunc
1189 2643 1359 2684 Grotius
1399 2642 1682 2684 assensione.
1721 2652 1843 2680 nunc
1871 2639 1897 2680 b

296 2702 612 2743 assensionem
641 2700 822 2741 nuncR
877 2699 1208 2740 ascensionem.
1248 2697 1436 2739 nuncB
1482 2695 1503 2752 [Ι
1552 2698 1603 2738 11
1643 2695 1727 2737 alii
1756 2695 1895 2736 disci·

292 2757 469 2810 plinam
488 2772 514 2798 r
545 2757 683 2798 alteri
713 2756 826 2796 disc.
848 2755 930 2796 BR
969 2752 988 2810 ΙΙ
1029 2757 1081 2796 17
1113 2756 1323 2808 apposite
1342 2768 1372 2807 p
1405 2753 1700 2807 apropositae
1720 2751 1764 2792 B
1793 2764 1895 2806 pro—

293 2815 444 2865 posite
471 2814 539 2855 Db
577 2811 598 2868 [l
638 2814 691 2854 18
720 2813 769 2852 in
795 2812 996 2853 dictione
1025 2812 1048 2852 b
1084 2808 1103 2866 Ι]
1148 2814 1203 2853 20
1232 2811 1483 2852 insinuatio
1508 2811 1549 2850 D
1587 2806 1608 2863 H
1635 2810 1707 2852 <22
1737 2810 1790 2849 ut
1813 2809 1894 2849 del.

293 2869 492 2922 Koppius
531 2867 550 2924 [l
588 2871 644 2910 24
665 2869 876 2923 quaestio
908 2872 1061 2910 autem
1090 2869 1191 2921 ipsa
1221 2867 1288 2908 Db
1325 2863 1348 2921 ss
1383 2867 1437 2907 26
1467 2868 1518 2907 ut
1546 2878 1623 2907 om.
1645 2862 1764 2906 B¹R¹
1802 2860 1823 2918 [Ι
1881 2890 1890 2892 -
