1982 3230
190 957 275 996 990

188 1377 269 1417 991

182 1939 265 1979 992

1331 46 1340 57 ἱ
1478 54 1488 59 Η
1502 49 1507 52 ’
1528 48 1533 50 “
1560 55 1562 58 ,
1662 52 1663 56 η

1296 70 1314 80 a
1347 57 1406 73 ⁷.-:>.'·
1418 57 1530 84 Ultus}
1550 62 1605 86 ‘›·,‚'
1633 67 1647 78 -'
1668 72 1673 74 -
1704 75 1723 86 5.

1524 88 1528 90 .
1567 85 1618 97 .
1639 87 1664 100 A(
1687 88 1698 100 a
1727 88 1729 90 .

311 176 419 228 372
793 177 1096 220 MARTIANI
1130 178 1451 221 CAPELLAE
1472 167 1480 176 '

312 315 550 378 διάγυιοε
586 316 860 382 appellatur
894 333 954 367 ex
989 317 1135 382 longa
1171 321 1411 383 positione
1437 327 1485 370 et
1510 323 1656 372 breui
1687 327 1737 372 et
1769 321 1916 389 longa

313 387 540 436 elatione.
616 403 673 436 ac
693 402 861 450 paeon
887 386 1137 452 ἐπιβατόε
1171 391 1299 440 thesi
1323 389 1503 454 duplici
1527 393 1771 455 positione
1796 407 1915 458 pro-

312 456 457 506 ducta
486 462 532 506 et
559 458 658 507 arsi
691 457 916 522 longiore
949 458 1183 523 iungitur.
1248 460 1301 509 hi
1325 466 1438 509 sunt
1469 463 1694 526 paeonici
1720 465 1916 527 generis

309 528 520 584 numeri,
550 542 672 591 quos
697 529 1034 592 inconpositos
1061 544 1169 580 esse
1193 531 1543 593 praediximus.
1606 547 1767 596 neque
1792 547 1915 584 uero

307 611 400 660 per
426 599 820 649 coniunctionem
857 600 952 648 hoc
980 606 1052 649 est
1080 598 1325 660 ευζυγίαν
1353 615 1515 666 neque
1539 617 1628 665 per
1654 604 1915 668 periodum
1956 617 1979 651 5

308 668 360 716 in
386 669 479 717 isto
506 682 690 731 genere
727 670 988 734 rhythmus
1023 671 1239 720 accedet.
1314 671 1429 720 inde
1455 669 1691 733 διάγυιοε
1715 673 1915 738 quidem

307 738 468 788 dictus
489 744 562 788 est
581 739 628 788 id
650 745 723 789 est
743 741 883 804 quasi
902 739 1114 804 duplicia
1133 740 1356 790 membra
1378 742 1637 799 discernat,
1665 741 1914 806 ἐπιβατόε

307 813 471 857 autem
498 810 611 873 quia
647 809 886 859 membris
920 809 1074 860 ueluti
1108 820 1250 861 utens
1276 817 1508 876 quattuor
1545 818 1592 861 et
1626 811 1912 862 duabus'di-

304 878 622 928 uersitatibus
650 879 923 944 copulatur.
1880 904 1889 910 ¹

416 975 419 978 <
445 948 628 998 Verum
654 949 777 1000 haec
802 964 985 1013 genera
1013 965 1126 999 cum
1160 952 1403 1014 permixta
1428 951 1612 1000 fuerint
1652 952 1912 1015 speciebus
1934 967 1977 999 ιο

303 1033 642 1078 numerorum,
670 1021 858 1085 primae
884 1021 1074 1084 species
1101 1027 1246 1069 erunt
1269 1021 1415 1077 istae,
1445 1036 1570 1085 quae
1595 1021 1912 1072 dochmiacae

303 1090 645 1139 nominantur.
722 1106 782 1140 ex
808 1090 987 1154 quibus
1013 1092 1152 1154 prius
1178 1090 1309 1155 quod
1335 1090 1510 1147 suerit,
1538 1091 1630 1140 hac
1656 1090 1765 1156 lege
1793 1107 1911 1142 con-

301 1161 505 1222 ponitur
531 1167 585 1209 ut
610 1162 671 1209 sit
698 1176 758 1210 ex
794 1160 958 1209 iambo
987 1167 1034 1209 et
1058 1175 1248 1224 paeone
1265 1199 1277 1217 ‚
1309 1162 1392 1224 qui
1417 1159 1653 1221 διάγυῑοε
1686 1168 1908 1212 uocatur.

301 1229 435 1279 hunc
472 1228 714 1291 διάγυιον
751 1232 1054 1295 posteriores
1091 1232 1269 1281 Graeci
1303 1231 1539 1280 creticum
1574 1233 1928 1295 nominarunt.-

303 1300 517 1349 secunda
556 1306 629 1350 est
666 1302 884 1366 species,
921 1316 1046 1366 quae
1074 1316 1132 1350 ex
1171 1299 1336 1350 iambo
1364 1301 1601 1366 dactylico
1638 1307 1686 1351 et
1718 1316 1910 1367 paeone
1931 1314 1975 1349 15

304 1376 531 1419 constare
567 1378 884 1420 monstratur.
964 1372 1048 1433 qui
1084 1376 1247 1420 autem
1287 1371 1481 1420 deducti
1521 1373 1718 1421 numeri
1750 1373 1907 1421 nomi-

300 1445 496 1497 nantur,
525 1447 733 1505 propter
760 1440 1017 1490 adsiduum
1045 1447 1092 1489 et
1119 1442 1428 1503 conpositum
1466 1455 1640 1489 sonum
1667 1441 1908 1506 appellari

300 1510 548 1559 uidentur.
1979 1569 1982 1571 ,

440 1580 590 1629 Fiunt
636 1586 798 1629 autem
846 1581 1068 1635 numeri,
1115 1581 1200 1643 qui
1246 1586 1292 1629 et
1337 1580 1614 1644 prosodiaci
1648 1588 1905 1632 uocantur.

305 1664 519 1715 quorum
554 1649 634 1699 alii
667 1665 757 1715 per
783 1656 950 1700 ternos
986 1649 1139 1714 pedes
1165 1650 1310 1708 fiunt,
1348 1649 1630 1714 pyrrhichio
1666 1650 1830 1700 iambo
1857 1656 1906 1702 et
1926 1664 1969 1698 20

300 1721 553 1770 trochaeo.
594 1720 675 1770 alii
700 1736 822 1770 uero
844 1726 1089 1785 quattuor,
1117 1726 1172 1769 ut
1193 1720 1270 1768 his
1295 1719 1453 1768 tribus
1479 1719 1687 1784 pedibus
1712 1721 1905 1772 iambus
1978 1732 1981 1733 ’

298 1791 490 1854 primus
518 1796 726 1855 aptetur.
786 1790 867 1840 alii
894 1805 1014 1840 uero
1044 1806 1104 1840 ex
1130 1789 1325 1850 duabus,
1347 1791 1556 1855 syzygiis
1581 1790 1632 1839 id
1659 1797 1730 1840 est
1754 1805 1904 1856 copu-
1980 1788 1982 1805 ³

299 1859 374 1916 lis,
403 1860 608 1910 bacchio
637 1867 685 1910 et
709 1862 873 1910 ionico
901 1859 1011 1911 ἀπὸ
1038 1857 1282 1923 μείζονος
1309 1865 1534 1909 constare
1561 1868 1878 1911 consuerunt.
1980 1863 1982 1866 ’

441 1931 566 1980 Sunt
610 1946 726 1981 sane
775 1932 858 1995 qui
904 1932 1050 1980 etiam
1094 1929 1456 1980 irrationabiles
1502 1945 1608 1979 esse
1654 1931 1898 1989 dicuntur,

412 2086 434 2124 1
465 2083 670 2134 διάγυιο(
701 2086 990 2137 Westplzalz'as
1012 2085 1272 2125 exAristz'de
1303 2082 1546 2126 ΛΥΔΓΙΟΕ
1566 2084 1609 2124 Β
1637 2082 1858 2127 ΛΥΔΙΟ(
1878 2086 1902 2126 b
1928 2086 1931 2089 Χ
1964 2080 1978 2123 {-

293 2138 573 2181 AYM’YOC
595 2142 632 2181 R
670 2137 690 2194 H
727 2141 860 2181 breui
893 2144 939 2181 et
969 2154 1028 2180 ex
1049 2140 1242 2180 Aristide
1271 2142 1371 2180 add.
1404 2141 1694 2193 Westplzalius
1731 2138 1750 2194 ΙΙ
1789 2143 1814 2182 2
1841 2154 1903 2187 ‚ac

294 2196 468 2251 duplici
489 2197 613 2247 BRD
646 2197 762 2236 alter
782 2209 933 2249 paeon
955 2195 1154 2249 epibatis
1184 2196 1231 2235 id
1253 2199 1323 2236 est
1351 2196 1399 2235 in
1420 2196 1543 2237 thesi
1564 2209 1620 2237 ac
1634 2211 1668 2249 p
1694 2195 1719 2252 [l
1741 2199 1767 2238 3
1795 2197 1844 2237 hi
1860 2197 1922 2238 B·
1975 2236 1978 2238 .

205 2270 210 2275 ·
293 2255 419 2294 om.R
438 2255 511 2294 his
533 2254 632 2293 add.
651 2266 677 2292 r
705 2249 725 2305 [Ι
753 2252 966 2304 poeoniei
985 2252 1066 2292 BR
1092 2247 1115 2305 [l
1139 2253 1165 2291 5
1188 2251 1431 2304 sinzygian
1453 2252 1476 2292 b
1494 2252 1736 2306 lsinzigian
1754 2251 1839 2293 BR
1865 2250 1885 2307 ss

291 2323 376 2363 per
397 2323 477 2351 om.
494 2309 594 2349 B¹R
615 2305 633 2362 ΙῙ
654 2308 861 2362 peridum
877 2308 919 2348 B
940 2307 1159 2362 periodon
1181 2308 1204 2347 b
1234 2304 1254 2361 [l
1282 2309 1307 2347 6
1340 2307 1518 2360 diagios
1541 2308 1795 2351 cod.Bamb.
1810 2311 1900 2350 393

294 2365 483 2418 (Iaeclc.)
513 2367 798 2417 interpolatus
835 2378 949 2405 saec.
980 2365 1026 2403 X
1070 2361 1343 2406 ΛΥΔΓΥΟΕ
1373 2364 1415 2403 Β
1451 2361 1667 2406 ΛΥΔΙΟΕ
1697 2365 1721 2405 b
1759 2363 1899 2406 ΛΥΛ-
1971 2406 1974 2408 ,

295 2421 444 2464 ΓΥΟ(
474 2423 512 2463 R
551 2418 569 2475 [l
617 2424 641 2461 7
672 2422 876 2462 membra
905 2421 948 2460 B
986 2417 1005 2474 ΙΙ
1042 2417 1176 2462 ΕΠΙΒ
1204 2421 1266 2472 (Π
1285 2421 1326 2474 b)
1355 2421 1388 2462 Δ
1409 2417 1461 2472 (Λ
1478 2421 1534 2471 R)
1556 2419 1715 2462 TOYc
1744 2421 1826 2463 BR
1863 2418 1882 2475 ΙΙ
1965 2418 1982 2476 4ζ

294 2481 346 2518 11
379 2481 527 2532 prima
549 2475 651 2518 B¹R
691 2478 709 2531 ΙΙ
751 2480 800 2517 11
834 2477 1062 2518 docimine
1094 2477 1177 2518 BR
1214 2477 1439 2520 docimiae
1470 2477 1494 2516 b
1525 2490 1639 2519 corr.
1671 2478 1899 2531 Westplza-
1972 2490 1982 2529 ‚g

291 2537 372 2575 Iius
472 2537 524 2574 12
557 2547 613 2574 ac
641 2533 723 2574 BR
762 2530 780 2587 ΙΙ
821 2536 872 2575 13
903 2546 1078 2586 poeone
1108 2535 1191 2574 BR
1237 2532 1256 2588 ΙΙ
1302 2533 1480 2587 diagios
1511 2535 1604 2576 cod.
1626 2533 1775 2593 Bamb.
1809 2536 1899 2575 393
1959 2535 1982 2622 fg

291 2590 405 2634 ΛΥΔ
444 2589 563 2633 ΟΥΕ
591 2590 633 2630 Β
669 2588 888 2632 ΛΥΔΙΟΕ
927 2591 951 2630 b
988 2588 1230 2632 ΔΥΓΟΥΕ
1268 2592 1307 2632 R
1351 2588 1371 2644 l}
1418 2591 1470 2629 14
1505 2591 1625 2630 hunc
1660 2603 1737 2630 om.
1777 2589 1817 2629 R
1859 2582 1882 2644 Η
1958 2628 1982 2647 ,ᾗ

292 2648 492 2701 diagiom
530 2649 624 2688 cod.
656 2646 804 2687 Bamb.
845 2649 934 2687 393
972 2645 1264 2690 ΔΥΔΤΟΥΜ
1295 2647 1338 2686 Β
1386 2643 1654 2689 ΔΥΔΙΟΥΜ
1686 2646 1718 2685 b
1759 2644 1898 2686 ΛΥΛ-
1975 2676 1980 2682 ,

294 2702 458 2747 ΓΟΥΕΟ
486 2707 522 2745 R
572 2702 761 2744 λύκειον
791 2703 962 2743 Grotius
1010 2703 1184 2746 Λύκιον
1214 2704 1409 2744 Κᾶῆηἰιις
1440 2703 1512 2754 (de
1543 2702 1743 2744 dochmio.
1769 2703 1896 2743 Halis
1971 2716 1982 2746 1:

293 2763 406 2802 1863
423 2775 468 2812 p.
491 2760 567 2813 22)
610 2757 628 2813 [Ι
670 2760 890 2800 creticum
921 2760 944 2799 b
983 2761 1143 2814 graeci
1164 2774 1266 2801 eum
1285 2759 1367 2800 BR
1405 2757 1423 2813 [Ι
1464 2761 1516 2799 15
1541 2770 1717 2811 poeone
1738 2758 1821 2798 BR

291 2817 346 2855 20
391 2817 613 2871 pyrrithio
644 2816 667 2856 b
717 2816 910 2868 pyrritio
942 2816 984 2855 B
1007 2817 1261 2870 ‚pyrrichio
1292 2816 1331 2855 R
1383 2813 1405 2870 Η
1459 2816 1511 2854 21
1553 2814 1741 2854 tracheo
1772 2815 1810 2854 R
1980 2858 1982 2861 ¹

290 2872 345 2910 22
376 2873 585 2925 sinzigiis
605 2871 686 2912 BR
717 2872 936 2925 sinzygiis
968 2874 991 2914 b
1030 2870 1049 2928 Η
1088 2875 1141 2914 23
1173 2885 1260 2926 apo
1281 2871 1481 2912 mizonos
1502 2870 1583 2910 BR
1621 2867 1639 2923 Η
1668 2873 1724 2911 24
1753 2871 1892 2912 ratio·
1975 2884 1982 2922 ς

289 2929 470 2969 nabiles
493 2929 592 2969 B¹R
630 2926 648 2982 Η
1934 2936 1982 3230 j
