1982 3230
307 110 413 164 416
930 110 1198 153 soHoLIA
1225 113 1291 155 IN

309 260 505 315 tamque
533 264 766 314 magnum
793 256 1106 309 uenatorem,
1136 252 1196 302 de
1224 267 1320 316 quo
1349 260 1462 303 ante
1488 254 1536 303 in
1558 245 1823 318 scorpione
1849 254 1924 318 di-

310 325 469 371 ximus
505 322 644 384 signo
682 326 730 370 et
754 328 922 384 postea
961 322 1009 370 in
1045 323 1197 386 ipsius
1223 323 1377 387 figura
1406 324 1650 382 dicemuS,
1689 330 1922 388 oportere

304 395 437 452 sinyi
460 391 682 455 leporem
708 392 898 441 uenari.
942 391 1289 442 Callimachum
1319 409 1514 458 quoque
1541 395 1762 444 accusari
1790 394 1932 460 quod

312 476 422 510 cum
450 463 633 511 Dianae
660 461 900 511 scriberet
924 462 1118 520 laudeS,
1157 479 1262 512 eam
1290 463 1514 527 leporino
1541 466 1777 529 sanguine
1804 479 1921 529 gau·

311 532 429 581 dere
457 538 506 581 et
533 547 616 581 eos
651 533 825 581 uenari
852 533 1045 584 dixerit.
1106 536 1274 597 itaque
1302 533 1484 583 Oriona
1520 550 1632 584 cum
1658 541 1801 584 tauro
1837 534 1921 584 de·
1943 545 1965 579 5

311 607 583 651 certantem
606 602 845 660 fecerunt,
865 603 1048 667 leporis
1069 610 1231 653 autem
1247 605 1376 654 hanc
1387 605 1642 654 historiam
1655 605 1922 654 memoriae

309 672 651 736 prodiderunt.
705 673 836 738 apud
874 675 1102 738 antiquos
1127 674 1284 725 insula
1312 675 1439 724 Lero
1477 674 1664 724 nullum
1699 673 1920 740 leporem

310 743 464 793 fuisse
507 744 592 792 sed
638 758 698 792 ex
750 759 923 792 eorum
969 746 1167 794 ciuitate
1212 744 1632 794 adulescentulum
1679 745 1924 810 quendam

311 812 473 862 studio
495 814 704 862 Veneris
731 815 987 864 inductum
1015 814 1074 863 ab
1103 819 1300 864 exterae
1321 817 1481 879 gentis
1501 815 1681 865 finibus
1703 814 1922 879 leporem

312 882 545 932 feminam
566 889 920 948 praegnantem
949 887 1190 935 adtulisse
1216 891 1263 935 et
1289 886 1349 934 ad
1378 886 1482 935 eius
1502 892 1696 949 partum
1719 885 1921 949 diligen·
1945 896 1982 928 10

313 954 498 1003 tissime
526 968 651 1017 quae
678 968 801 1017 opus
828 960 995 1004 essent
1021 954 1408 1005 administrasse.
1444 957 1606 1019 itaque
1633 971 1746 1005 cum
1771 971 1922 1020 pepe-

310 1025 471 1081 risset,
501 1024 770 1087 compluris
798 1026 902 1074 eius
925 1026 1137 1074 ciuitatis
1163 1025 1224 1074 ad
1251 1025 1463 1074 studium
1492 1025 1721 1074 incidisse
1741 1030 1789 1075 et
1810 1040 1923 1089 par-

311 1100 411 1142 tem
428 1095 589 1157 pretio
604 1101 807 1156 partem
827 1095 1070 1144 beneficio
1094 1102 1338 1145 mercatos
1358 1094 1516 1162 [esse]
1539 1109 1711 1145 omnes
1730 1094 1925 1160 lepores

314 1163 446 1214 alere
473 1166 712 1228 coepisse.
740 1166 806 1214 ita
833 1181 932 1215 non
959 1164 1106 1230 longo
1133 1165 1395 1215 interuallo
1421 1172 1606 1216 tantam
1634 1165 1925 1230 magnitudi-

313 1249 428 1284 nem
455 1235 681 1300 leporum
711 1242 1048 1300 procreatam,
1077 1242 1131 1285 ut
1154 1235 1310 1285 insula
1339 1235 1398 1285 ab
1428 1238 1496 1285 eis
1524 1242 1760 1300 occupata
1786 1235 1922 1285 uideo
1946 1245 1982 1279 15

313 1311 467 1354 retur.
544 1306 723 1369 quibus
770 1321 880 1355 cum
926 1306 1047 1354 nihil
1093 1312 1379 1362 uacaretur,
1425 1307 1473 1355 in
1520 1307 1707 1356 semine
1753 1320 1925 1355 eorum

313 1376 483 1439 inpetu
519 1376 647 1424 facto
683 1372 893 1425 insulam
931 1375 1180 1426 calamitas
1220 1376 1417 1425 adflixit.
1477 1378 1627 1426 totius
1664 1375 1926 1425 consilium

315 1446 525 1495 ciuitatis
548 1446 633 1494 luit
660 1452 714 1494 ut
736 1444 847 1513 [ex]
877 1461 959 1496 eos
988 1461 1047 1494 ex
1073 1445 1231 1496 insula
1259 1445 1528 1509 abigerent.
1567 1447 1732 1509 itaque
1753 1451 1924 1511 postea

314 1514 497 1580 leporis
532 1516 740 1579 figuram
777 1519 829 1565 in
867 1518 1011 1566 astris
1047 1515 1371 1566 contulissent
1406 1522 1459 1565 ut
1492 1516 1717 1565 homines
1753 1516 1924 1565 memi-

314 1586 500 1634 nissent
535 1585 657 1634 nihil
702 1601 805 1636 esse
839 1594 939 1636 tam
987 1586 1063 1635 his
1102 1586 1432 1650 exoptandum
1466 1586 1517 1634 in
1553 1587 1678 1643 uita,
1729 1589 1850 1648 quin
1886 1586 1927 1634 si
1948 1595 1982 1628 2<

188 1655 581 1706 81Binsolenter
626 1662 851 1713 utantur,
923 1656 1033 1721 plus
1076 1656 1260 1705 doloris
1310 1672 1376 1707 cx
1420 1672 1477 1706 eo
1524 1671 1668 1721 quam
1715 1654 1926 1705 laetitiae

429 1913 451 1951 1
483 1923 698 1964 magnum
718 1910 761 1948 B
791 1922 1001 1962 magnam
1029 1923 1060 1960 p
1092 1922 1256 1962 magne
1287 1906 1363 1963 ΡΗ
1385 1909 1438 1949 de
1469 1922 1548 1950 om.
1578 1906 1656 1963 ΡΗ
1694 1906 1931 1961 scorpion&

314 1969 356 2008 P
392 1964 411 2020 Η
450 1970 475 2007 2
507 1967 699 2006 dicimus
731 1967 771 2006 P
809 1969 854 2005 et
885 1979 998 2006 corr.
1037 1967 1080 2005 in
1110 1965 1312 2006 dicemus
1342 1965 1384 2004 B
1423 1963 1442 2019 Η
1482 1968 1692 2019 oportere
1732 1977 1844 2005 corr.
1883 1966 1928 2004 in

316 2027 529 2076 oportare
561 2023 603 2062 B
643 2020 662 2076 Η
701 2024 726 2062 3
757 2021 871 2074 fingi
909 2035 967 2062 eoe
998 2022 1172 2073 Hyyino
1211 2023 1313 2062 add.
1347 2021 1500 2074 Breys.
1531 2018 1550 2076 Η
1579 2021 1868 2061 callimaeum
1894 2033 1927 2073 p

315 2079 598 2120 callimatum
617 2080 658 2118 P
695 2075 712 2131 Η
755 2078 968 2117 accusari
989 2077 1169 2120 Schaub.
1202 2090 1422 2118 accusare
1443 2079 1485 2117 P
1514 2089 1759 2118 accussare
1779 2076 1822 2116 B
1849 2073 1868 2130 Η
1899 2077 1929 2116 4

317 2135 491 2175 scribet
520 2134 562 2173 B
589 2131 607 2187 Η
639 2134 735 2174 eius
767 2134 808 2172 P
837 2145 938 2173 eum
970 2132 1011 2171 B
1041 2147 1155 2174 corr.
1186 2136 1308 2186 uulgo
1339 2131 1358 2186 Η
1384 2133 1587 2186 leporine
1618 2131 1674 2174 P¹
1696 2131 1715 2186 Η
1735 2131 1929 2186 gauderi

315 2187 392 2244 ΡΗ
413 2191 438 2231 5
471 2203 547 2231 eos
577 2192 735 2241 scripsi
764 2188 873 2230 deos
907 2189 941 2229 G
977 2186 995 2242 Η
1020 2191 1060 2233 ,6
1092 2191 1308 2229 memoria
1338 2190 1380 2228 P
1406 2191 1595 2229 storiam
1625 2190 1666 2228 P
1702 2185 1721 2241 Η
1760 2190 1784 2228 7
1816 2191 1928 2240 aput

315 2247 357 2287 B
397 2244 416 2300 Η
453 2248 479 2287 8
511 2245 899 2287 aduliscentulum
929 2245 970 2284 B
1008 2242 1027 2299 Η
1067 2247 1091 2285 9
1124 2245 1314 2285 Veneris
1334 2246 1491 2296 scripsi
1520 2244 1704 2297 generis
1735 2243 1768 2283 0
1800 2240 1819 2296 Η
1858 2243 1926 2283 in-

316 2303 501 2343 ductum
532 2316 590 2343 ecc
619 2304 793 2356 Hygino
825 2302 925 2344 add.
958 2301 1115 2353 Breys.
1152 2298 1170 2354 Η
1212 2302 1379 2341 exteris
1411 2301 1445 2341 G
1472 2314 1587 2342 corr.
1620 2300 1871 2352 Breysiyius
1889 2296 1908 2353 Η
1940 2352 1942 2355 ι

318 2362 370 2400 10
399 2363 703 2412 pregnantem
736 2359 776 2398 B
797 2355 815 2412 Η
837 2357 1056 2398 adtulisse
1090 2370 1147 2397 ex
1177 2358 1351 2409 Hygino
1382 2358 1481 2397 add.
1513 2356 1668 2408 Breys.
1691 2353 1709 2409 Η
1742 2358 1793 2396 13
1823 2368 1928 2408 par·

315 2421 407 2455 tem
436 2415 584 2468 pretio
604 2414 823 2456 benefitio
857 2411 1098 2463 (beneficio
1120 2412 1179 2465 B)
1206 2413 1239 2453 0
1266 2414 1435 2466 partim
1465 2415 1621 2466 precio
1651 2412 1818 2465 partim
1847 2411 1927 2451 be-

315 2471 478 2512 neficio
516 2472 560 2511 V
604 2468 622 2525 Η
673 2484 772 2512 esse
803 2472 941 2511 deleui
986 2466 1006 2524 Η
1053 2469 1266 2510 laebores
1296 2483 1410 2512 corr.
1441 2482 1499 2509 eoe
1527 2468 1711 2509 labores
1740 2467 1783 2507 B
1814 2463 1835 2521 Η
1875 2467 1928 2506 14

317 2528 527 2581 coepisse
558 2527 714 2581 Bregss.
750 2527 949 2580 cepisset
978 2527 1020 2565 P
1049 2525 1278 2578 coepisset
1307 2525 1349 2564 B
1383 2522 1402 2580 Η
1440 2528 1632 2565 tamtam
1661 2521 1745 2578 ΡΗ
1780 2524 1834 2564 15
1862 2522 1927 2563 le-

314 2584 474 2624 borum
504 2584 547 2623 B
575 2583 594 2637 Η
623 2587 674 2624 ut
703 2584 837 2623 Pita
869 2579 963 2636 ΒΗ
1001 2583 1053 2623 16
1083 2585 1326 2622 uacaretur
1354 2583 1511 2634 scripsi
1539 2580 1726 2620 daretur
1757 2579 1791 2620 0
1814 2574 1835 2632 Η
1874 2578 1926 2620 17

316 2641 490 2691 impetu
510 2653 624 2681 corr.
648 2642 691 2680 in
722 2640 919 2692 impetus
940 2638 982 2678 B
1002 2635 1021 2692 Η
1043 2638 1183 2678 adfu3
1213 2636 1263 2678 12¹
1286 2635 1305 2691 Η
1328 2640 1379 2679 18
1409 2637 1498 2678 fuit
1517 2641 1567 2676 ut
1599 2648 1674 2676 eos
1698 2648 1753 2676 ex
1773 2633 1927 2675 insula

315 2698 475 2748 scripsi
500 2697 570 2736 uti
601 2710 656 2736 ex
689 2708 765 2737 eos
798 2709 854 2736 ex
884 2693 961 2748 (ex
992 2696 1090 2735 add.
1122 2708 1191 2746 pr.
1223 2708 1275 2735 m.
1305 2707 1398 2746 sup.
1431 2695 1503 2737 lin.
1532 2694 1575 2732 in
1591 2691 1648 2745 P)
1681 2689 1862 2745 singula
1895 2690 1929 2731 0

315 2753 385 2791 uti
414 2753 495 2792 uix
527 2765 605 2793 eos
637 2765 692 2792 ex
723 2752 877 2792 insula
906 2750 1061 2804 Breys.
1090 2747 1109 2804 Η
1145 2752 1196 2791 19
1228 2750 1521 2791 constituisse
1552 2748 1710 2799 Breys.
1741 2760 1800 2787 ecc
1829 2747 1928 2800 Hy-

314 2809 412 2858 yino
444 2805 461 2861 Η
489 2810 544 2849 20
576 2821 675 2848 esse
707 2811 801 2848 tam
831 2814 873 2849 et
903 2809 1083 2860 quinci
1117 2819 1172 2847 ex
1204 2819 1257 2846 eo
1288 2808 1388 2847 add.
1420 2818 1478 2846 εχ·
1509 2805 1677 2857 Hyyino
1708 2803 1868 2856 Breys.
1889 2799 1909 2856 Η

318 2865 371 2902 21
403 2864 505 2916 plus
535 2865 692 2917 Breys.
723 2878 780 2905 ex
812 2865 984 2917 quino
1014 2863 1085 2903 ius
1120 2859 1187 2915 ΘΗ
