1982 3230
147 801 228 841 111
241 800 275 841 G

182 859 265 898 373

179 1334 262 1375 374

177 1543 259 1595 375

309 122 411 173 114
613 87 617 91 Δ
785 121 1084 185 MARTIAm
1105 121 1426 164 cAP-ELLAE
1536 90 1546 99 ³
1627 90 1629 93 ’
1721 89 1734 112 “’

305 270 468 314 autem
495 279 621 331 quae
650 263 879 313 dicuntur
903 264 1089 313 maiora
1121 271 1170 313 et
1195 265 1402 321 minora,
1440 264 1647 316 relatiue
1673 267 1771 318 dici
1803 282 1908 322 ma-
1963 289 1970 297 <-

303 336 531 384 nifestum
561 340 648 383 est.
723 333 976 398 quodlibet
1002 337 1130 383 enim
1158 335 1335 383 minori
1375 339 1717 401 comparatum
1749 339 1906 389 maius

303 412 389 462 est,
426 405 654 468 idemque
691 406 863 454 maiori
892 404 1269 473 comparatum>
1307 406 1466 455 minus
1517 413 1604 456 est.
1680 409 1720 457 si
1754 410 1904 472 igitur

301 477 456 524 maius
495 481 542 524 et
578 476 739 524 minus
777 476 1019 524 contraria
1057 483 1192 532 sunt,
1235 477 1458 539 cogimur
1486 478 1732 535 confiteri,
1771 479 1913 544 quod,

299 546 442 595 ualde
465 546 731 595 absurdum
753 553 840 604 est,
856 561 1000 611 posse
1020 545 1162 595 alicui
1182 547 1254 595 rei
1273 561 1372 594 uno
1392 552 1615 612 tempore
1629 547 1774 598 simul
1787 565 1901 600 eue·
1943 561 1966 596 5

299 619 408 666 nire
430 618 691 666 contraria.
738 631 912 678 rursus
934 616 1062 666 aliud
1085 616 1351 666 absurdum
1374 618 1597 681 cogimur
1616 618 1904 684 intellegere

297 702 445 737 unam
461 688 763 750 eandemque
773 703 877 737 rem
892 687 1084 736 sibimet
1099 702 1205 736 esse
1217 689 1529 737 contrariam.
1558 690 1599 737 si
1610 690 1808 752 quidem
1819 705 1902 744 res

296 773 393 807 una
411 758 618 808 diuersis
638 758 986 823 quantitatibus
1006 763 1285 821 comparata
1307 766 1469 822 potest
1486 759 1659 808 eodem
1679 767 1901 825 tempore

297 830 453 878 maior
475 836 522 878 et
546 832 706 877 minor
728 843 849 880 esse.
889 830 1130 892 quantitas
1151 844 1249 877 non
1269 830 1445 893 recipit
1467 831 1624 879 maius
1647 837 1695 880 et
1719 832 1899 881 minus.

295 915 394 948 non
407 900 535 948 enim
551 901 765 963 quinque
780 900 935 962 magis
948 900 1162 964 quinque
1174 905 1287 948 sunt
1300 913 1445 962 quam
1460 900 1557 949 duo
1571 900 1772 957 duo‚aut
1782 902 1898 951 item
1921 915 1974 948 ιο.

296 971 392 1018 duo
420 970 524 1019 aliis
551 969 743 1019 duobus
770 972 923 1031 magis
950 969 1046 1018 duo
1074 976 1187 1019 sunt
1212 977 1294 1018 aut
1318 971 1472 1034 magis
1500 986 1609 1020 cras
1629 972 1726 1020 duo
1753 978 1900 1021 erunt
1940 1024 1941 1028 ,

296 1056 442 1105 quam
466 1040 613 1089 hodie
636 1046 763 1090 sunt.
811 1046 883 1088 est
908 1045 1069 1088 autem
1085 1041 1346 1104 proprium
1366 1042 1645 1104 quantitatis
1663 1042 1796 1106 quod
1820 1058 1895 1092 se·
1940 1035 1942 1038 ’

296 1111 509 1160 cundum
524 1111 649 1160 hanc
662 1111 867 1159 dicimus
889 1125 995 1173 par
1017 1115 1062 1159 et
1083 1111 1198 1174 imp
1215 1125 1295 1166 ar,
1314 1116 1368 1159 ut
1379 1110 1624 1175 qualitatis
1638 1113 1896 1176 proprium
1977 1155 1982 1165 .

295 1188 367 1231 est
381 1181 795 1247 quodsecundum
810 1181 1154 1229 hancdicimus
1174 1180 1373 1229 simile
1395 1189 1541 1244 atque
1563 1181 1894 1239 dissimile,
1965 1200 1977 1215 ·-

295 1254 517 1317 quamuis
534 1254 581 1300 in
599 1253 808 1301 diuersis
828 1251 976 1300 rebus
994 1257 1256 1316 utrumque
1271 1250 1416 1300 liceat
1433 1251 1636 1301 abusiue
1652 1254 1895 1316 usurpari.
1917 1265 1959 1299 15

431 1334 773 1373 RELATIVVM
810 1328 898 1376 est,
938 1321 1066 1385 quod
1095 1322 1190 1371 hoc
1213 1323 1392 1385 ipsum,
1421 1322 1551 1385 quod
1579 1323 1772 1380 dieitur,
1809 1322 1894 1372 ali-

293 1395 429 1443 cuius
469 1401 540 1442 est
575 1393 654 1442 uel
689 1393 749 1442 ad
788 1392 968 1456 aliquid
997 1391 1211 1455 quolibet
1247 1393 1392 1440 modo
1430 1394 1610 1442 referri
1646 1400 1808 1456 potest
1840 1400 1896 1443 ut

291 1464 418 1513 tilius
443 1479 541 1512 non
570 1466 673 1512 sine
699 1468 838 1526 patre
864 1462 943 1511 uel
978 1469 1135 1511 matre
1162 1469 1208 1511 et
1233 1478 1409 1511 seruus
1436 1478 1534 1510 non
1562 1465 1666 1512 sine
1693 1464 1892 1514 domino

292 1541 451 1599 potest
475 1534 691 1596 intellegi
718 1548 877 1596 neque
912 1534 1018 1581 sine
1043 1533 1119 1580 his
1144 1532 1212 1580 illi
1239 1532 1470 1584 uicissim.
1536 1533 1767 1582 dicuntur
1804 1549 1891 1583 au-

291 1614 388 1654 tem
431 1605 635 1654 relatiua
679 1604 838 1652 tribus
882 1603 1064 1652 modis:
1112 1610 1194 1651 aut
1238 1602 1442 1651 alicuius
1475 1611 1529 1651 ut
1564 1603 1762 1660 filius,
1807 1611 1954 1653 aut20

290 1676 429 1725 alicui
458 1685 513 1725 ut
547 1677 817 1730 uicinuS‚
861 1680 943 1723 aut
969 1674 1030 1722 ad
1056 1672 1236 1735 aliquid
1263 1680 1317 1722 ut
1353 1673 1629 1735 duplum,
1659 1675 1890 1739 quoniam

290 1746 491 1810 duplum
530 1747 589 1794 ad
626 1744 805 1808 aliquid
840 1743 1068 1808 simplum
1107 1751 1193 1792 est.
1269 1745 1431 1792 omnia
1468 1743 1674 1792 relatiua
1709 1745 1800 1802 his,
1829 1745 1890 1794 ad

215 1847 218 1851 ›
290 1833 412 1881 quae
439 1817 739 1871 referuntur,
776 1817 885 1864 uice
920 1821 1087 1863 mutua
1122 1814 1439 1878 respondent.
1515 1829 1626 1862 nam
1655 1829 1802 1877 quem
1828 1815 1890 1864 ad

289 1888 487 1937 modum
516 1886 641 1936 filius
678 1888 829 1949 patris
854 1884 981 1934 filius
1009 1891 1104 1940 est,
1133 1885 1202 1933 sic
1227 1892 1367 1948 pater
1393 1883 1480 1932 filii
1517 1884 1723 1934 alicuius
1749 1891 1889 1948 pater

289 1964 375 2007 est.
453 1965 500 2007 et
534 1957 835 2020 respondent
869 1958 935 2004 ita
975 1964 1028 2004 ut
1062 1954 1225 2018 aliqua
1259 1955 1416 2004 isdem
1454 1954 1646 2004 casibus
1681 1969 1885 2019 respon·
1909 1967 1951 2000 25

288 2029 449 2083 deant,
472 2028 640 2091 'aliqua
666 2042 808 2075 casus
834 2032 1037 2075 mutent.
1115 2041 1227 2074 nam
1257 2026 1389 2089 quod
1416 2026 1476 2075 de
1503 2025 1601 2074 filio
1629 2026 1742 2082 dixi,
1769 2027 1886 2075 item

287 2099 347 2147 de
373 2114 519 2148 seruo
548 2099 712 2146 dicere
738 2111 1013 2159 possumus,
1042 2098 1273 2160 quoniam
1293 2110 1476 2144 seruus
1499 2095 1686 2144 domini
1711 2110 1887 2146 seruus

288 2177 383 2226 est,
422 2169 648 2218 dominus
683 2169 815 2215 serui
851 2166 1091 2214 dominus.
1167 2166 1288 2214 haec
1333 2168 1398 2214 ita
1446 2165 1537 2214 sibi
1582 2166 1888 2230 respondent

286 2246 345 2288 ut·
365 2238 563 2289 eosdem
601 2252 743 2286 casus
777 2239 826 2284 in
864 2237 1188 2284 conuersione
1224 2235 1518 2284 custodiant.
1592 2237 1659 2284 ita
1687 2250 1886 2299 quoque

286 2309 490 2374 duplum
528 2309 587 2357 ad
626 2307 822 2372 aliquod
859 2306 1088 2370 simplum
1126 2312 1198 2355 est
1234 2313 1280 2354 et
1316 2304 1546 2368 simplum
1586 2306 1647 2354 ad
1686 2305 1948 2368 aliquodao

286 2380 487 2444 duplum
526 2386 622 2435 est,
660 2379 724 2427 ita
759 2378 915 2426 maior
952 2377 1142 2426 minore
1178 2375 1339 2439 aliquo
1368 2377 1523 2425 maior
1551 2382 1621 2425 est
1650 2381 1699 2424 et
1723 2377 1910 2424 minori

283 2452 471 2500 maiore
497 2449 657 2514 aliquo
683 2449 843 2496 minor
872 2453 959 2495 est.
1036 2446 1348 2496 manifestum
1378 2453 1449 2494 est
1476 2461 1595 2510 ergo
1621 2446 1711 2494 ista
1739 2460 1881 2495 casus

282 2523 331 2570 in
359 2522 683 2571 conuersione
708 2533 923 2567 seruare.
986 2523 1034 2565 at
1061 2532 1180 2566 uero
1207 2518 1407 2566 scientia
1434 2531 1545 2565 cum
1573 2518 1636 2564 sit
1659 2515 1879 2574 relatiua,

397 2677 446 2716 11
477 2675 597 2715 idem
617 2674 699 2714 BR
718 2686 830 2715 corr.
848 2686 880 2724 p
908 2669 928 2725 Η
966 2671 1117 2711 dualis
1137 2671 1219 2712 BR
1249 2671 1336 2711 duo
1359 2670 1465 2710 aliis
1486 2670 1509 2710 b
1548 2676 1567 2723 ΙΙ
1607 2671 1659 2709 16
1691 2669 1799 2722 quid
1819 2671 1882 2710 eit

282 2732 525 2772 relatiuam
545 2737 642 2771 ante
663 2729 909 2769 relatiuam
930 2729 1031 2770 add.
1042 2727 1124 2768 BR
1160 2725 1179 2780 Η
1218 2729 1271 2767 22
1303 2732 1401 2767 ante
1422 2725 1574 2767 omnia.
1593 2726 1694 2766 add.
1718 2725 1761 2764 K
1779 2724 1823 2765 B
1840 2722 1863 2780 fl

282 2790 338 2829 25
367 2788 543 2828 hisdem
563 2786 645 2826 BR
683 2782 702 2840 [1
749 2786 802 2826 26
834 2784 951 2836 quod
973 2798 1050 2826 om.
1071 2783 1171 2824 B¹R
1209 2780 1229 2836 ll
1268 2785 1322 2824 30
1353 2782 1411 2823 ad
1444 2781 1629 2834 aliquod
1667 2781 1878 2834 simplum

283 2849 353 2884 est
376 2849 422 2884 et
451 2844 663 2895 simplum
697 2841 755 2882 ad
784 2839 968 2894 aliquod
985 2841 1057 2895 ‘du
1090 2839 1184 2881 lum
1206 2843 1276 2880 est.
1295 2839 1319 2879 b
1352 2838 1410 2882 ad
1431 2837 1642 2891 simplum
1666 2841 1736 2878 est
1765 2840 1879 2878 item

281 2899 363 2940 BR
397 2895 420 2953 ss
457 2902 510 2940 32
541 2901 634 2939 ista
658 2899 827 2939 Grotius
856 2898 923 2936 ita
943 2888 1027 2937 BR'
1074 2893 1081 2951 1
