1982 3230
0 0 156 142 ἔγ
240 9 250 17 ³
776 77 963 119 LIBER
991 76 1033 117 V

19 223 21 227 ⁴
88 239 197 275 eam
224 223 419 290 quidem
451 218 805 270 nobilissimam
846 218 1079 267 feminam
1118 217 1203 267 sed
1242 224 1326 266 aut
1350 214 1589 281 Apollinis
1616 230 1700 265 co-

89 300 284 360 gnatam
322 291 578 344 credidere
615 290 655 339 si
681 289 825 339 Graia
863 296 960 346 est,
1001 294 1084 338 aut
1117 289 1158 336 si
1183 286 1421 337 Romulea
1458 286 1518 336 de
1555 290 1703 349 gente

90 365 308 417 Coruini.
383 363 462 413 cui
498 361 764 424 aenigmati
802 358 920 408 illud
959 357 1260 425 adiectum>
1287 358 1419 423 quod
1456 356 1703 421 intrepida

89 445 137 486 et
171 435 379 485 fiduciae
412 430 733 497 promptioris
771 436 870 479 tam
896 428 1108 479 Palladis
1144 444 1292 494 quam
1320 430 1472 492 ipsius
1500 427 1704 493 Cyllenii

15 513 66 552 '5
90 505 368 556 deosculata
387 508 568 570 pectus
595 501 848 551 cuiusdam
876 501 1184 565 propinquae
1211 498 1553 548 familiaritatis
1579 498 1703 548 indi-

89 578 162 627 cia
187 575 428 642 patefecit.
506 573 718 636 denique
747 586 845 620 non
872 569 995 620 nulli
1031 585 1266 634 superum
1295 585 1406 618 cum
1445 570 1574 618 inter
1599 576 1700 618 tre·
1722 584 1859 627 1396?

88 646 386 712 pidationem
422 643 632 694 bucinae
669 643 1002 708 praecinentis
1037 647 1086 690 et
1122 641 1496 690 admirationem
1536 640 1702 688 amici-

88 719 186 768 tiae
222 731 519 781 superorum
554 714 733 764 incerti
761 713 944 762 diutius
972 712 1297 761 diuinatorem
1324 709 1580 759 Phoebum
1618 726 1702 759 cu-

42 850 46 855 .
86 793 264 858 perent
306 787 544 836 sciscitari
586 785 807 834 nondum
846 783 965 833 Ioue
1002 784 1215 831 maximo
1256 782 1587 846 disquirente,
1626 786 1703 830 tu-

7 845 66 918 ξϊῡ
87 856 346 908 multuarie
374 873 500 921 quae
537 860 667 906 esset
702 855 987 920 inquirunt.⁴
1051 868 1108 902 ac
1143 859 1263 902 tunc
1300 852 1379 903 illa
1413 857 1702 917 respectans
1732 862 1818 904 436

0 908 35 969 ἶ
87 942 296 993 superos
347 929 609 978 uniuersos
667 925 916 989 aliquanto
969 925 1360 989 commotiorque
1422 925 1491 972 sic
1542 924 1705 987 coepit

9 1013 18 1035 ¹
88 1003 307 1064 ‘patrem
346 1001 614 1048 maximum
652 998 823 1046 Iouem
875 1001 1163 1059 ceterosque
1213 994 1436 1052 caeliteS‚
1489 1008 1613 1059 quos
1651 995 1703 1042 in

51 1073 55 1078 ’
89 1071 250 1119 causis
276 1069 505 1134 pluribus
531 1083 679 1132 saepe
706 1082 814 1117 sum
837 1067 1098 1131 deprecata
1121 1072 1267 1130 atque
1295 1068 1454 1130 ipsum
1485 1079 1703 1114 conuen-

88 1149 191 1190 tum
220 1154 429 1204 superae
456 1139 788 1189 consessionis
815 1142 1018 1187 attestor
1046 1136 1166 1185 nihil
1192 1137 1312 1185 mihi
1347 1137 1504 1198 magis
1531 1137 1703 1184 incon-

20 1222 66 1256 15
90 1217 378 1260 sentaneum
402 1217 550 1274 atque
570 1210 806 1259 indecens
827 1209 1088 1263 aestimari,
1109 1222 1255 1271 quam
1281 1211 1336 1255 ut
1356 1221 1482 1270 quae
1505 1154 1736 1271 semperl

89 1282 138 1330 in
168 1281 278 1330 foro
301 1281 594 1343 iudiciisque
624 1295 771 1343 quam
793 1277 1019 1341 pluribus
1049 1277 1385 1326 accusauerim
1416 1275 1597 1325 multos
1619 1275 1703 1325 ali-

90 1366 243 1416 osque
269 1351 577 1400 defenderim
615 1356 662 1399 et
690 1347 888 1420 uiribus
906 1347 1114 1415 gloriam
1132 1347 1703 1410 ,deluctationis‘annixa

89 1422 210 1471 mihi
257 1421 318 1471 de
355 1421 695 1471 discriminum
735 1419 844 1468 fatis
886 1414 1147 1486 promeriti
1191 1424 1400 1468 euentus
1436 1418 1702 1483 praeconia

90 1494 446 1556 compararim,
476 1506 610 1541 nunc
637 1489 767 1555 apud
794 1504 885 1540 uos
921 1490 1114 1554 superi,
1143 1490 1253 1554 quis
1279 1488 1477 1554 placere
1513 1490 1703 1537 inmor-

20 1562 286 1613 eotalitatis
324 1564 478 1612 instar
520 1560 602 1628 [ac
640 1559 880 1626 pretium]
922 1559 1197 1616 uidebatur,
1239 1561 1390 1609 inuita
1430 1510 1731 1624 compellor!

89 1633 389 1684 scholarium
423 1631 718 1683 iuuenilium
754 1633 971 1682 monitus
1009 1637 1055 1680 et
1091 1630 1230 1680 exilia
1259 1631 1546 1680 decantatae
1583 1631 1704 1680 artis

87 1711 350 1770 praecepta
394 1718 689 1754 memorare.
766 1717 928 1767 neque
973 1702 1103 1751 enim
1139 1701 1236 1750 hoc
1276 1702 1420 1751 nobis
1464 1699 1701 1750 adscribit

88 1776 272 1839 inopia,
302 1790 414 1825 cum
434 1774 769 1824 redundantes
793 1779 988 1822 turmae
1010 1777 1273 1836 suppetant
1295 1780 1703 1836 consequentum,

92 1860 206 1894 cum
232 1844 426 1911 absque.
442 1845 542 1901 his„
572 1845 657 1907 qui
683 1842 1030 1909 perturbantes
1057 1847 1258 1906 pectora
1284 1857 1557 1905 sensusque
1585 1857 1703 1891 cun-

19 1926 68 1960 25
92 1922 287 1966 ctorum
313 1922 698 1979 cognoscentum
725 1928 923 1979 quoque
959 1913 1246 1977 perfregere
1272 1912 1530 1970 subsellia,
1561 1913 1706 1963 etiam

30 1993 33 1995 ’
92 1985 212 2036 alios
247 1985 459 2036 habeam
485 1987 571 2050 qui
596 1986 825 2034 minutias
852 1990 1232 2049 praeceptorum
1269 1989 1316 2034 et
1352 1985 1471 2033 artis
1507 1985 1707 2033 intimae

93 2063 369 2106 commenta
406 2057 812 2121 perscripserim,
850 2057 978 2104 inter
1013 2061 1281 2119 utrumque
1317 2070 1440 2104 uero
1477 2053 1706 2104 columen

93 2133 391 2177 sectatorum
429 2127 702 2192 praeniteat
739 2126 929 2176 Tullius
968 2141 1132 2182 meus,
1187 2127 1271 2190 qui
1308 2140 1409 2174 non
1457 2125 1616 2175 solum
1654 2069 1737 2183 inl

90 2197 200 2247 foro
237 2204 409 2248 senatu
453 2199 727 2263 rostrisque
762 2196 1115 2262 grandiloquae
1159 2196 1406 2246 facultatis
1452 2197 1706 2246 maiestate

21 2278 69 2312 πο
91 2270 331 2326 tonuerit,
360 2284 537 2320 uerum
574 2270 718 2319 etiam
749 2268 901 2332 ipsius
939 2269 1056 2317 artis
1093 2273 1358 2333 praecepta
1397 2271 1708 2317 commentus

9 2384 12 2387 .
91 2337 243 2388 libros
270 2338 612 2404 quam-plures
637 2338 949 2390 saeculorum
978 2338 1148 2388 usibus
1175 2339 1497 2388 consecrarit.
1574 2335 1706 2401 quod
1738 2348 1822 2388 437

1602 71 1701 124 141

205 2524 230 2562 2
263 2525 390 2563 esset
411 2522 605 2562 Halmius
652 2518 673 2577 Η
722 2523 748 2563 3
780 2520 1012 2563 adiectum
1045 2525 1116 2562 est
1144 2521 1212 2562 Db
1269 2518 1290 2576 [Ι
1337 2522 1365 2562 4
1403 2520 1708 2575 promptionis

93 2581 189 2618 tam
211 2578 410 2619 Pallidis
433 2591 522 2632 qua.
542 2577 581 2618 R
609 2574 628 2633 ss
665 2577 843 2618 cillenii
864 2577 888 2618 b
911 2578 1071 2618 cilleni
1091 2576 1173 2619 BR
1200 2574 1220 2632 [Ι
1247 2579 1273 2618 6
1302 2579 1424 2618 inter
1445 2578 1640 2617 Halmius
1659 2576 1710 2616 in

93 2634 177 2679 BR
203 2631 223 2690 ss
250 2634 606 2688 trepidationem
628 2633 710 2675 BR
732 2633 1042 2687 trepidatione
1065 2634 1116 2675 br
1142 2631 1161 2688 Η
1190 2637 1214 2675 7
1248 2634 1614 2675 ammirationem
1625 2632 1708 2674 BR
1770 2641 1781 2651 ·

95 2691 416 2733 ammiratione
439 2692 462 2731 b
490 2689 510 2746 Η
545 2691 570 2730 8
592 2690 836 2744 phebumR
864 2686 883 2745 11
914 2691 965 2730 11
990 2690 1238 2744 aliquando
1259 2691 1454 2731 Halmius
1480 2687 1501 2744 ll
1530 2691 1583 2730 14
1605 2701 1710 2730 con«-

97 2748 321 2789 cessionis
344 2747 404 2789 Βι
443 2745 463 2803 ss
502 2750 557 2789 20
589 2761 643 2788 ac
665 2747 860 2800 pretium
882 2747 1021 2787 deleuz'
1057 2745 1077 2801 Η
1118 2747 1370 2800 compellar
1391 2747 1414 2787 b
1443 2743 1463 2800 Η
1502 2748 1554 2786 21
1578 2746 1707 2787 scho-

94 2801 241 2844 larum
262 2804 286 2844 b
311 2801 331 2859 Η
361 2807 414 2846 23
446 2808 695 2858 suppetunt
716 2803 739 2844 b
777 2801 796 2858 Η
836 2803 1216 2855 consequentium
1237 2804 1260 2844 b
1288 2800 1307 2857 Η
1342 2805 1398 2843 24
1431 2815 1532 2843 cum
1551 2804 1712 2856 scm'psi

95 2871 203 2898 nam
223 2859 304 2902 BR
340 2858 358 2915 ΙΙ
394 2863 448 2902 25
481 2861 859 2915 cognoscentium
882 2860 905 2900 b
940 2857 960 2913 Η
999 2862 1053 2902 28
1084 2873 1175 2902 non
1206 2860 1353 2901 forum
1383 2860 1432 2900 in
1462 2859 1560 2902 solo
1581 2857 1642 2901 B¹
1669 2855 1691 2914 1}
