1982 3230
594 130 678 172 DE
710 103 995 173 snovnno
1026 128 1212 172 Lumo
1389 132 1703 175 xxxxvnn

82 258 315 314 Martiani
351 257 475 308 caeli
509 258 802 323 pa1·titi0ne;
844 263 1012 307 tamen
1051 263 1150 307 tota
1187 258 1477 323 Augustinei
1514 258 1611 309 loci
1635 262 1712 309 in-

28 385 30 395 ,
84 343 224 396 doles
262 343 407 394 docet
430 341 759 406 Augustinum
800 343 1079 404 generatim
1107 342 1254 392 modo
1293 344 1595 409 minimeque
1633 360 1714 394 ac-

79 434 258 479 curate
293 427 525 477 Varronis
560 425 720 478 uerba
758 425 1004 483 attulisse,
1053 432 1106 476 ut
1131 428 1172 475 si
1207 428 1267 476 ad
1307 443 1550 478 summam
1587 446 1714 496 quae

85 514 216 564 inter
241 512 548 576 Augusinum
574 511 974 576 Martianumque
1002 511 1094 560 hac
1122 512 1172 560 in
1197 526 1254 561 re
1289 514 1552 564 intercedit
1578 516 1714 564 simi-

14 637 27 649 .
90 596 350 647 litudinem
389 595 685 651 attenderis,
723 595 857 645 haud
890 596 1104 645 infitiere
1141 595 1372 646 omnibus
1408 599 1716 649 confidenter

82 681 467 732 utVarronianis
495 682 564 729 uti
589 679 740 730 licere
767 695 893 745 quae
928 681 980 729 in
1006 680 1098 731 hac
1135 680 1256 730 caeli
1283 683 1545 745 partitione
1574 698 1711 732 com-

32 763 57 833 s
89 774 450 816 memorantur.
512 763 738 814 similiter
765 767 1036 814 Varronem
1077 765 1137 815 de
1166 764 1363 830 Sibyllis
1401 768 1558 831 egisse
1584 767 1713 817 libro

54 838 172 905 '1111
214 866 385 901 rerum
431 850 710 900 diuinarum
748 855 964 906 constat,
1013 849 1312 914 (Merkelius
1356 867 1404 916 p.
1452 851 1595 902 CXVI
1637 868 1709 917 sq.

85 935 124 988 F
127 935 408 985 ranckenus
432 951 479 1000 p.
514 932 617 984 144
636 934 728 999 sq.)
758 950 905 999 quem
933 942 980 984 et
1005 935 1168 998 ipsum
1194 935 1366 986 decem
1394 952 1713 987 enumerasse

80 1036 143 1070 ex
182 1020 437 1070 Lactantio
474 1035 502 1068 a
529 1019 721 1085 Koppio
758 1019 956 1069 laudato
997 1019 1034 1084 (l
1069 1018 1116 1083 6)
1155 1021 1467 1083 perspicitur.
1545 1023 1712 1086 itaque

31 1111 38 1127 “
85 1105 220 1170 quod
244 1105 511 1154 Martianus
537 1108 602 1167 (p.
629 1101 724 1161 44,
751 1101 835 1168 20)
875 1118 1002 1166 quas
1036 1118 1140 1154 non
1170 1108 1339 1155 decem
1374 1114 1428 1155 ut
1478 1112 1712 1157 asserunt

90 1191 183 1240 sed
207 1191 338 1239 duas
369 1188 534 1249 fuisse
570 1203 672 1238 non
704 1182 869 1239 nescis
894 1188 1132 1238 Iunonem
1162 1189 1327 1238 dicere
1354 1190 1507 1253 fingit,
1536 1197 1713 1255 putan-

88 1273 182 1340 dus
209 1279 284 1324 est
310 1278 395 1323 aut
415 1273 680 1322 Martianus
706 1280 904 1337 praeter
920 1274 1192 1322 Varronem
1219 1273 1278 1322 ad
1307 1274 1430 1323 alius
1457 1275 1713 1324 cuiusdam

93 1358 440 1408 auctoritatem
477 1357 570 1406 hac
604 1358 654 1405 in
691 1372 747 1406 re
795 1359 1071 1422 respexisse
1113 1363 1219 1415 aut,
1259 1359 1390 1422 quod
1439 1360 1546 1409 ueri
1579 1360 1712 1409 simi-

83 1440 180 1496 lius
200 1448 288 1498 est,
304 1443 460 1491 Varro
482 1441 613 1491 hunc
638 1451 903 1492 numerum
930 1441 1024 1491 alio
1043 1440 1154 1491 loco
1182 1442 1242 1492 ad
1264 1443 1386 1493 duas
1413 1444 1710 1508 principales

84 1525 353 1590 redegisse.
407 1524 634 1575 similiter
661 1540 787 1590 quae
813 1542 861 1590 p.
884 1523 968 1583 47,
992 1524 1063 1576 24
1088 1526 1343 1592 profertur
1368 1529 1579 1579 heroum
1607 1537 1709 1594 ety-

82 1607 297 1674 mologia
323 1610 384 1660 ad
409 1611 680 1660 Varronem
720 1611 985 1661 referenda
1013 1613 1121 1661 erit.
1183 1613 1233 1660 in
1262 1614 1333 1662 eis
1359 1627 1485 1677 quae
1513 1613 1574 1663 de
1599 1629 1707 1664 ma-

82 1696 230 1749 nibus
266 1700 502 1745 secuntur
529 1694 583 1745 Ο.
614 1695 883 1747 Muellerus
930 1695 999 1762 (ll
1042 1693 1136 1760 93)
1177 1698 1407 1762 antiquae
1452 1698 1710 1749 doctrinae

84 1785 310 1833 tenorem
354 1781 631 1830 rectissime
675 1772 770 1830 sibi
811 1783 1064 1831 inuenisse
1106 1781 1390 1839 uidebatur,
1446 1798 1570 1846 quae
1616 1797 1708 1834 nos

86 1861 232 1927 plane
257 1878 357 1912 non
384 1863 664 1913 dubitamus
691 1866 808 1929 quin
836 1867 1074 1914 Varronis
1099 1859 1265 1915 fuerit.
1478 1932 1483 1933 ⁷

229 1948 415 1998 Deinde
441 1963 567 2014 quae
592 1965 640 2014 p.
668 1946 752 2006 46,
782 1947 814 1999 9
848 1949 995 1999 lunae
1022 1950 1200 2013 legitur
1236 1950 1505 2017 descriptio
1528 1937 1706 2015 ¹alcho-

64 2047 193 2095 ,sum
229 2035 484 2095 quoddam
521 2039 841 2096 tenerumque
864 2049 1053 2098 eorpus
1087 2049 1154 2085 ex
1178 2040 1390 2098 superni
1422 2041 1558 2087 roris
1582 2040 1706 2088 leui-

86 2123 193 2167 tate
225 2106 566 2181 compactum,
607 2117 874 2168 admodum
900 2118 1236 2170 memorabilis
1275 2127 1347 2170 est
1374 2127 1421 2170 et
1447 2121 1706 2172 doctrinae

84 2200 290 2252 alicuius
326 2218 439 2252 cum
475 2217 575 2251 uno
612 2201 707 2252 alio
735 2205 1018 2254 testimonio
1054 2203 1213 2256 solum
1250 2206 1538 2269 uestigium,
1577 2223 1705 2272 quae

84 2285 145 2335 ab
174 2285 278 2336 aliis
315 2286 543 2336 omnibus
569 2287 630 2336 de
657 2287 794 2338 hisce
819 2287 971 2339 rebus
1008 2290 1297 2354 excogitatis
1323 2289 1470 2354 longe
1497 2292 1702 2342 recedit.

85 2384 215 2442 nam„
251 2371 383 2434 quod
418 2371 639 2437 Koppius
688 2372 918 2438 physicos
967 2374 1029 2424 ad
1062 2373 1369 2425 Macrobium
1421 2389 1704 2438 prouocans

85 2454 260 2520 (somn.
291 2456 421 2520 Scip.
463 2454 509 2512 1,
542 2454 605 2505 11
647 2464 695 2506 et
735 2455 815 2522 19)
863 2457 1032 2509 lunam
1078 2461 1364 2510 aetheream
1399 2465 1592 2509 terram
1630 2460 1702 2508 di-

84 2540 215 2593 xisse
251 2546 420 2589 monet
465 2539 558 2599 hac
592 2556 648 2590 re
676 2548 900 2593 nostrum
938 2543 1101 2595 locum
1139 2532 1376 2610 explicari
1411 2551 1547 2594 ratus
1582 2544 1704 2593 mihi

85 2623 284 2688 quidem
312 2638 506 2675 errasse
531 2625 744 2675 uidetur.
789 2642 944 2691 ‚quos
984 2630 1115 2678 enim
1151 2628 1431 2678 Macrobius
1458 2630 1703 2693 physicos

57 2692 298 2773 'appellat
341 2708 544 2774 Orphici
581 2711 744 2774 potius
770 2718 908 2769 sunt,
952 2715 1035 2778 qui
1079 2720 1245 2764 tamen
1303 2727 1404 2762 non
1459 2722 1700 2777 putauere

84 2791 251 2843 lunam
302 2808 484 2860 corpus
520 2794 767 2880 quoddam
817 2799 1106 2848 aethereum
1167 2797 1254 2847 sed
1303 2799 1471 2863 potius
1517 2813 1700 2863 corpus

86 2876 298 2927 caeleste
347 2879 408 2928 ad
462 2885 623 2929 terrae
683 2857 1053 2932 similitudinem
1106 2882 1279 2932 conf01
1284 2891 1507 2940 matum
1568 2884 1699 2949 quod

171 2986 439 3018 uam-unns
472 2989 687 3018 cAPEnLA
858 2992 861 3005 ¹
1326 2968 1358 3018 d
