1982 3230
213 722 297 761 834

321 152 428 205 308
802 148 1103 190 MARTIANl
1125 147 1447 191 CAPELLAE

323 295 385 341 ad
412 293 656 340 sinistram
700 289 826 339 alam
853 289 1003 354 Cygni
1039 290 1383 354 ceruicemque
1408 289 1677 354 perductus
1702 288 1927 340 ultimum

325 363 540 425 Sagittae
577 359 820 424 spiculum
858 367 905 408 et
935 361 1158 422 proxime
1194 364 1408 408 rostrum
1435 359 1637 422 Aquilae
1671 360 1925 424 contingit,
1966 362 1970 364 “

325 448 349 480 a
388 447 482 495 qua
522 431 582 479 ad
619 436 844 479 octauam
881 437 1072 493 partem
1111 427 1432 495 Capricorni>
1468 429 1737 480 descendit.
1810 429 1928 479 inde

325 502 454 550 haud
482 499 657 565 procul
677 514 869 549 mersus
896 501 943 548 in
971 501 1223 562 regionem
1252 499 1619 562 inconspicuam
1647 499 1775 548 infra
1795 499 1928 562 Argo

325 571 552 634 resurgit,
582 572 721 620 cuius
751 577 798 619 et
823 568 1210 633 gubernaculum
1240 575 1287 618 et
1311 575 1497 618 rectam
1524 572 1728 635 puppim
1755 583 1928 619 secans
1973 579 1982 612 Ξ

324 642 385 690 ad
413 647 637 690 octauam
665 641 841 690 Caneri
869 645 1055 703 partem
1083 640 1224 688 redit.

468 711 601 760 Duos
638 712 732 759 iam
784 724 1042 773 superesse
1079 709 1289 758 circulos
1326 709 1529 758 dubium
1567 725 1666 758 non
1705 709 1929 765 habetur,

327 796 451 844 quos
478 781 675 845 quidem
722 779 948 842 obliquos
984 780 1079 828 dici
1114 781 1341 843 superius
1367 781 1655 828 memoraui.
1720 794 1928 844 quorum

328 866 454 900 unus
479 851 684 913 signifer
712 865 807 898 non
838 857 889 898 ut
910 852 1073 905 ceteri,
1104 865 1226 913 quos
1246 849 1487 899 linealiter
1506 852 1615 906 feci,
1643 849 1727 898 sed
1755 849 1931 899 latissi-

327 937 438 970 nius
466 922 685 969 omnium
716 919 1065 982 conprobatur.
1107 935 1251 983 quem
1280 935 1388 969 cum
1417 921 1466 968 in
1490 919 1749 969 duodecim
1777 919 1929 984 spatia
1953 930 1982 960 1⁴

327 992 691 1046 discernerem,
730 988 934 1051 siugulis
978 990 1177 1051 triginta
1204 998 1368 1054 partes
1402 1004 1500 1037 non
1527 991 1689 1039 nescia
1727 990 1931 1038 rationis

174 1062 548 1125 2516ascripsi.
611 1075 788 1108 uerum
831 1061 934 1108 eius
969 1058 1272 1109 latitudinem
1312 1059 1481 1108 circuli
1517 1059 1702 1108 tetendi
1734 1059 1784 1108 in
1813 1060 1931 1108 duo-

326 1132 486 1181 decim
514 1131 782 1194 portioneS,
808 1137 859 1178 ut
881 1135 1067 1178 tantum
1091 1130 1230 1193 spatii
1253 1128 1430 1178 habeat
1447 1128 1666 1186 latitudo,
1695 1136 1932 1192 quantum

325 1201 616 1264 longitudini
637 1200 897 1249 duodecim
913 1206 1077 1264 partes
1093 1199 1389 1248 adtribuunt.
1420 1199 1548 1263 quod
1572 1215 1660 1248 cur
1680 1199 1861 1248 factum
1873 1200 1955 1249 sit·

326 1271 467 1320 facile
488 1278 561 1320 est
580 1271 688 1319 loco
705 1285 778 1325 ec,
798 1285 894 1333 quo
907 1270 966 1318 de
978 1269 1080 1318 sole
1092 1269 1225 1333 loqui
1239 1285 1465 1334 coeperO,
1483 1270 1837 1326 demonstrare,
1851 1269 1935 1333 qui
1958 1278 1982 1310 1³

326 1357 417 1406 per
437 1341 646 1390 mediam
672 1339 843 1388 circuli
865 1340 1082 1388 eiusdem
1109 1338 1282 1388 lineam
1305 1339 1438 1388 solus
1459 1339 1630 1388 fertur.
1671 1340 1812 1389 cuius
1839 1340 1934 1388 cir-

326 1410 422 1459 culi
446 1411 682 1459 ambitum
706 1424 794 1473 per
813 1409 1068 1457 duodecim
1084 1411 1219 1470 signa
1243 1410 1502 1458 admodum
1521 1409 1652 1458 clara
1665 1409 1935 1474 circumagi

327 1481 530 1530 dubium
575 1494 673 1528 non
726 1478 952 1527 habetur.
1025 1494 1137 1527 nam
1175 1478 1387 1542 galaxias
1422 1494 1518 1527 non
1556 1481 1710 1543 magis
1745 1480 1934 1528 ratione

212 1563 298 1602 8535
330 1566 475 1615 quam
505 1549 657 1598 oculis
694 1547 1010 1612 adprobatur.
1077 1550 1215 1597 cuius
1242 1548 1367 1597 ultra
1394 1547 1614 1611 regulam
1642 1555 1692 1599 et
1717 1547 1933 1612 plerum-

212 1701 295 1741 836

213 1979 294 2021 837

328 1636 424 1684 que
465 1620 696 1669 deficiens
741 1618 941 1666 latitudo
987 1632 1014 1665 a
1052 1618 1337 1680 Cassiepeae
1382 1625 1513 1667 astro
1557 1620 1606 1666 in
1646 1618 1934 1681 Scorpionis
1957 1629 1982 1660 2⁴

329 1689 556 1740 aculeum
582 1688 892 1751 longitudine
913 1696 1261 1752 conpensatur.
1301 1695 1529 1752 superest
1550 1688 1766 1738 circulus
1800 1688 1935 1738 solus

326 1761 517 1817 finitor,
557 1760 637 1823 qui
678 1775 734 1807 ex
765 1774 847 1811 eo,
887 1758 1013 1821 quod
1053 1772 1249 1821 semper
1285 1759 1532 1821 surgentis
1568 1759 1934 1823 demeantisque

326 1831 495 1879 mundi
524 1828 886 1878 diuersitatibus
914 1830 1156 1885 uariatur,
1198 1835 1384 1877 certum
1423 1835 1668 1877 astrorum
1707 1828 1934 1878 ordinem

329 1915 428 1949 non
458 1901 637 1962 poterit
662 1899 893 1947 retinere.
1862 1929 1870 1937 ,
1895 1914 1898 1916 -

472 1971 570 2018 Iam
599 1983 730 2017 nunc
757 1969 884 2016 inter
911 1967 1125 2017 circulos
1155 1970 1413 2018 uniuersos
1435 1968 1558 2034 quid*
1581 1969 1828 2018 interstitii
1852 1966 1934 2018 uel
1955 1978 1982 2022 81

330 2041 472 2101 spatii
508 2037 823 2100 intercapedo
872 2037 1110 2086 naturalis
1144 2039 1386 2087 inmiserit
1420 2054 1630 2103 aequum
1673 2037 1933 2102 explicare.

328 2123 442 2156 nam
480 2109 609 2157 inter
636 2106 1071 2156 s0··fentrionalem
1100 2107 1364 2165 circulum,
1394 2124 1536 2172 quem
1565 2110 1614 2157 in
1641 2110 1795 2172 spatia
1822 2114 1934 2157 octo

325 2179 563 2234 resecam,
593 2185 640 2226 et
668 2184 795 2225 inter
823 2175 1127 2225 solstitialem
1156 2182 1420 2240 interpatet
1446 2179 1750 2234 tantundem,
1779 2193 1931 2242 quan-

326 2254 429 2295 tum
456 2249 661 2296 interest
685 2246 812 2295 inter
839 2252 948 2294 octo
977 2253 1026 2294 et
1053 2261 1155 2295 sex.
1215 2261 1327 2295 nam
1354 2247 1483 2295 idem
1510 2249 1795 2296 interiectus
1821 2262 1930 2311 spa-

326 2318 406 2365 tiis
433 2315 671 2365 similibus
709 2316 1011 2372 continetur,
1044 2317 1091 2364 in
1119 2330 1215 2378 quo
1242 2316 1318 2375 fit,
1359 2325 1411 2366 ut
1439 2316 1652 2366 circulus
1678 2318 1834 2366 maior
1871 2318 1932 2367 sit
1954 2327 1982 2360 3<

444 2500 462 2537 l
499 2498 555 2538 ad
583 2511 613 2549 p
647 2510 701 2537 ac
722 2497 807 2536 BD
855 2493 874 2549 Η
925 2498 1057 2548 cycni
1078 2495 1181 2537 B¹D
1221 2495 1241 2551 Η
1278 2499 1305 2538 4
1336 2502 1415 2538 aut
1442 2498 1543 2539 B'R
1582 2495 1600 2552 ΙΙ
1641 2511 1751 2551 argo
1782 2511 1929 2539 resur-

324 2556 393 2606 git
418 2554 457 2592 B
490 2566 706 2606 argonem
729 2554 876 2604 surgit
906 2552 929 2592 b
962 2565 1105 2605 argon
1128 2555 1363 2607 consurgit
1382 2555 1421 2594 R
1458 2551 1477 2608 Η
1517 2556 1542 2595 5
1572 2555 1743 2607 puppin
1765 2553 1866 2595 B¹R
1893 2551 1912 2608 ΙΙ

326 2611 378 2651 13
410 2613 588 2649 tantum
618 2609 642 2648 b
673 2608 858 2648 tandem
889 2606 971 2647 BR
1010 2605 1028 2662 Η
1067 2610 1122 2650 20
1153 2610 1432 2662 casiphaeae
1467 2608 1563 2661 (sed
1590 2610 1727 2662 iphae
1757 2611 1801 2649 in
1817 2610 1928 2661 ras.)

323 2665 367 2705 B
399 2665 634 2717 casiepiae
665 2664 688 2704 b
727 2664 931 2716 casiepie
961 2663 999 2704 R
1038 2665 1246 2717 casiapia
1275 2679 1299 2704 r
1337 2662 1356 2718 Η
1395 2667 1445 2705 21
1477 2665 1765 2718 longitudine
1791 2665 1924 2706 inter-

317 2724 491 2772 polatus
521 2721 1048 2761 Ectenlzeimuensterensis
1086 2713 1336 2761 latitudine
1366 2721 1408 2761 B
1472 2721 1762 2761 latitudinem
1795 2721 1832 2761 R

323 2776 487 2816 circuli
517 2776 540 2816 b
590 2773 608 2828 ΙΙ
657 2777 711 2815 22
743 2774 898 2814 finitur
917 2774 957 2814 R
986 2777 1140 2815 orizon
1171 2779 1273 2817 add.
1303 2777 1326 2816 b
1375 2773 1394 2830 l]
1442 2778 1496 2818 23
1526 2777 1731 2816 uarietur
1752 2775 1852 2816 B¹R
1887 2718 1910 2886 ss

323 2832 378 2871 24
421 2836 605 2884 poterat
637 2829 694 2870 B¹
755 2828 773 2884 Η
830 2831 1019 2871 retineri
1057 2832 1094 2872 R
1150 2829 1168 2885 Ι]
1234 2833 1287 2872 26
1334 2832 1493 2872 aecum
1524 2831 1565 2870 B
1617 2844 1777 2883 aequm
1816 2832 1842 2871 b

319 2887 374 2928 27
406 2886 827 2940 septemtrionalem
859 2887 896 2926 R
944 2883 963 2940 Η
1037 2884 1042 2886 ’
