1982 3230
1 0 93 154 ἶ
731 96 920 136 LIBER
951 95 1061 136 v111
1458 144 1462 149 .
1615 92 1722 146 313

19 248 39 277 'f
111 245 252 302 parte
279 237 446 294 horae,
474 235 797 301 similiterque
818 236 980 294 Libra,
1010 237 1343 301 occiduntque
1363 236 1483 286 hora
1506 242 1554 287 et
1574 237 1720 286 tertia

112 314 267 371 parte.
307 315 355 357 at
381 308 616 372 Scorpius
643 307 868 356 diminuit
894 314 1057 357 ortum
1085 313 1134 357 et
1159 313 1306 372 auget
1331 322 1580 357 occasum.
1622 308 1721 356 ori-

111 384 191 427 tur
219 380 347 427 enim
382 377 517 426 horis
544 377 735 427 duabus
762 385 810 427 et
836 379 978 427 tertia
1007 384 1171 442 parte,
1207 378 1386 427 occidit
1410 378 1534 427 hora
1571 379 1722 426 semis

113 456 161 498 et
196 456 330 498 sexta
367 454 506 512 parte
542 448 710 497 horae.
787 454 834 496 at
860 448 1146 512 Sagittarius
1182 449 1340 497 oritur
1367 449 1502 498 horis
1530 447 1722 498 duabus

69 533 90 565 5
114 525 161 568 et
187 519 474 568 duodecima
503 526 642 581 parte
677 519 856 575 horae,
894 519 1074 567 occidit
1108 515 1230 567 hora
1259 526 1308 567 et
1334 519 1522 568 deunce
1551 519 1719 569 horae.

113 595 162 638 at
195 590 244 637 in
282 590 439 637 uicem
467 604 592 654 quae
629 595 914 638 transuersa
951 590 1178 637 oriuntur
1212 595 1260 637 et
1296 596 1431 638 recta
1470 590 1717 645 occidunt,
1751 605 1835 647 845

111 659 368 709 breuiores
395 667 531 708 ortus
568 665 812 723 occupant
848 674 995 723 quam
1036 673 1256 710 occasus,
1319 660 1530 725 denique
1558 675 1614 709 ex
1645 660 1721 708 his

112 736 185 779 est
210 731 402 793 signum
426 730 727 795 Capricorni,
751 730 881 794 quod
909 731 1067 778 oritur
1084 729 1206 778 hora
1236 736 1284 779 et
1306 731 1512 786 deunce,
1542 730 1722 779 occidit

112 799 304 850 duabus
351 801 484 850 horis
520 808 568 849 et
605 800 895 849 duodecima
932 807 1071 863 parte
1107 800 1274 850 horae.
1352 802 1550 866 Aquarii
1598 816 1720 850 uero

47 884 90 918 10
111 872 388 934 proximum
425 873 618 934 signum
655 873 810 920 oritur
848 871 968 920 liora
997 878 1045 920 et
1086 871 1282 920 dimidia
1324 878 1371 920 et
1406 879 1542 920 sexta
1579 879 1721 935 parte

110 941 276 999 horae,
307 942 480 990 occidit
508 942 642 991 horis
669 941 858 991 duabus
885 950 932 990 et
958 944 1100 990 tertia
1130 948 1270 1004 parte
1299 943 1465 991 horae.
1508 956 1722 1006 sequens

113 1013 324 1062 Piscium
362 1015 555 1075 siguum
584 1014 740 1061 oritur
767 1012 888 1062 hora
926 1019 974 1062 ct
1000 1014 1140 1061 tertia
1170 1020 1309 1076 parte
1339 1014 1514 1070 horae,
1544 1013 1724 1061 occidit

113 1082 303 1131 duabus
340 1084 474 1132 horis
511 1089 558 1131 et
596 1083 794 1132 dimidia
830 1089 879 1132 et
916 1088 1050 1132 sexta
1088 1082 1241 1132 horae
1281 1090 1435 1147 parte.
1513 1083 1719 1133 eandem

111 1168 394 1203 mensuram
414 1155 552 1203 Aries
574 1157 828 1219 utriusque
857 1156 1091 1216 temporis
1118 1161 1299 1202 seruat.
1342 1154 1537 1204 Taurus
1563 1156 1722 1202 oritur

47 1237 90 1271 15
113 1223 232 1272 hora
262 1231 309 1273 et
335 1224 531 1273 dimidia
561 1231 607 1273 et
633 1233 766 1273 sexta
797 1230 933 1287 parte
962 1224 1128 1279 horae,
1159 1225 1338 1273 occidit
1366 1224 1558 1274 duabus
1586 1225 1722 1273 horis

114 1302 160 1343 et
183 1295 325 1343 tertia
352 1301 490 1358 parte
518 1294 685 1343 horae.
738 1301 785 1342 at
811 1295 1004 1344 Gemini
1034 1296 1263 1343 oriuntur
1289 1295 1411 1343 hora
1439 1302 1488 1344 et
1514 1295 1720 1350 deunce,

112 1365 341 1414 occidunt
365 1364 553 1414 duabus
582 1366 714 1413 horis
742 1371 789 1413 et
815 1364 1103 1413 duodecima
1131 1373 1272 1429 parte
1299 1365 1467 1415 horae.

252 1435 384 1484 Haec
411 1441 482 1484 est
515 1435 862 1500 inaequalitas,
903 1450 1028 1499 quae
1056 1435 1245 1485 dierum
1288 1436 1442 1500 spatia
1480 1437 1721 1485 noctium·
1752 1442 1837 1484 846

112 1520 206 1570 que
233 1505 552 1555 discriminat.
618 1521 728 1554 uam
758 1522 868 1555 cum
898 1504 1023 1555 Solis
1058 1505 1226 1555 lumen
1255 1521 1427 1555 eorum
1467 1507 1723 1571 signorum

47 1590 88 1623 20
111 1577 432 1641 principium,
470 1591 594 1641 quae
629 1577 817 1625 tardius
853 1578 1105 1633 oriuntur,
1144 1577 1444 1640 ingreditur,
1487 1579 1603 1626 dum
1643 1591 1721 1626 se-

112 1648 312 1711 quentia
349 1647 484 1710 signa
522 1653 808 1703 nascuntur,
846 1647 940 1695 dici
976 1646 1231 1710 prolixitas
1270 1654 1588 1709 procreatum
1622 1646 1721 1696 ·ubi

112 1732 234 1767 uero
270 1717 391 1766 haec
426 1718 644 1774 intrarit,
684 1732 810 1781 quae
856 1720 951 1765 cito
992 1725 1096 1766 orta
1135 1717 1321 1766 tardius
1358 1718 1719 1775 demersantur,
1743 1725 1876 1767 28σο

111 1787 286 1836 diebus
331 1788 514 1852 exiguis
560 1794 729 1836 noctes
773 1788 921 1836 efficit
955 1787 1260 1850 grandiores
1340 1788 1552 1852 denique
1600 1789 1723 1837 haec

112 1859 238 1907 ratio
265 1865 314 1907 et
334 1857 425 1906 illis
452 1859 734 1921 respondet,
762 1859 845 1923 qui
871 1858 1007 1907 uelut
1034 1860 1207 1906 miram
1237 1857 1456 1925 efficiunt
1476 1860 1723 1924 quaestio-

27 1942 90 1983 ‚25
115 1943 227 1978 nem
266 1927 382 1977 talia
409 1935 769 1992 proponentes:
810 1930 851 1976 si
878 1929 1049 1992 spatiis
1075 1928 1361 1993 aequalibus
1387 1930 1526 1992 signa
1554 1930 1719 1978 omnia

111 2004 471 2063 percenseatur
505 2014 562 2047 ac
598 2013 799 2048 necesse
838 2005 913 2047 est
948 1997 1122 2048 diebus
1159 1999 1486 2064 noctibusque
1534 2002 1723 2048 cunctis

114 2084 230 2118 sena
257 2070 395 2132 signa
422 2084 569 2132 supra
597 2077 757 2117 terras
783 2083 916 2125 esse,
946 2084 1117 2117 omnes
1145 2069 1249 2118 dies
1276 2076 1546 2134 noctesque
1576 2084 1723 2135 pares

115 2154 221 2188 esse
249 2139 541 2187 debuerunt.
581 2153 698 2188 sena
726 2146 886 2188 autem
917 2141 1053 2202 signa
1075 2146 1360 2204 superstare
1389 2155 1489 2189 non
1517 2141 1720 2190 dubium

120 2216 194 2258 est
218 2208 520 2274 totidemque
548 2209 855 2266 delitescere,
885 2209 991 2259 dies
1017 2224 1214 2273 quoque
1240 2218 1512 2274 noctesque
1539 2212 1724 2260 uariari

42 2293 92 2327 ³0
116 2278 484 2329 diuersitatibus
519 2281 806 2344 spatiorum.
859 2279 1009 2346 <nam
1038 2279 1302 2329 solstitialis
1329 2281 1432 2330 dies
1468 2281 1618 2329 habet
1644 2296 1726 2329 ae-

231 2464 253 2502 1
277 2474 386 2503 orae
408 2461 489 2502 BR
535 2459 542 2516 Ι
579 2474 662 2502 ora,
681 2462 762 2503 BR
783 2463 898 2515 quod
916 2467 1066 2503 notare
1087 2464 1274 2502 desinam
1299 2459 1321 2517 ss
1354 2465 1379 2503 2
1411 2462 1542 2515 augit:
1562 2461 1663 2503 B¹R

114 2520 142 2559 4
175 2531 230 2559 ex
263 2522 395 2558 sexta
426 2518 462 2558 R
509 2515 517 2571 l
578 2520 603 2558 5
634 2517 816 2558 occidet
846 2516 945 2558 B¹R
990 2514 1010 2572 ll
1061 2518 1267 2558 dehunce
1299 2519 1340 2558 B
1388 2515 1406 2572 ΙΙ
1457 2521 1480 2559 7
1512 2519 1552 2559 is
1584 2517 1642 2558 Βι

117 2577 143 2615 9
181 2575 273 2616 XII
310 2575 348 2614 R
408 2571 427 2628 Η
486 2575 650 2626 aquari
680 2573 779 2614 B¹R
826 2570 845 2625 Η
897 2575 947 2614 11
989 2586 1184 2627 sequens
1217 2588 1242 2615 o
1276 2575 1317 2614 B
1355 2587 1552 2627 sequens
1584 2575 1607 2614 b
1648 2574 1727 2615 sed

79 2667 85 2673 .
117 2643 292 2682 quaeso
314 2631 351 2672 R
382 2643 580 2682 sequens
610 2643 635 2669 r
673 2627 692 2683 Ι]
740 2633 786 2669 et
805 2643 882 2670 om.
909 2628 1007 2670 B'R
1045 2634 1065 2683 Η
1107 2632 1160 2670 14
1190 2637 1349 2671 taurus
1378 2633 1581 2671 oritur—
1607 2633 1659 2671 16
1683 2635 1729 2670 et

115 2688 258 2728 tertia
279 2691 410 2740 parte
434 2687 572 2727 horae
595 2700 672 2728 om.
698 2684 813 2726 B¹R¹
849 2684 868 2739 ΙΙ
909 2687 960 2726 16
993 2687 1198 2727 dehunce
1224 2687 1263 2725 B
1295 2686 1314 2740 ΙΙ
1352 2688 1404 2727 17
1435 2687 1612 2728 duobus
1636 2688 1672 2727 H
1691 2684 1712 2741 [Ι

0 2728 19 2784 ⁸.
64 2752 66 2754 ’
117 2742 259 2783 horae
291 2757 367 2786 om.
399 2743 500 2784 B¹R
549 2740 567 2796 ΙΙ
622 2744 672 2783 18
711 2743 769 2782 ad
797 2741 913 2783 haee
946 2748 1016 2783 est
1044 2742 1357 2794 inaequalitas
1397 2745 1501 2784 add.
1533 2756 1624 2796 qua.
1656 2756 1728 2784 ra-

22 2806 27 2811 ·
118 2799 244 2840 tione
275 2800 374 2839 dies
406 2802 678 2839 accrescunt
708 2803 962 2850 noctesque
994 2800 1265 2840 breuiantur
1296 2799 1369 2838 Bm
1416 2797 1435 2846 ΙΙ
1484 2801 1536 2839 21
1568 2812 1729 2853 procu-

118 2858 247 2895 ratur
277 2853 391 2896 B¹R¹
441 2852 459 2909 Η
509 2858 562 2896 22
603 2857 793 2896 intra-1*
824 2855 866 2894 B
896 2856 1084 2896 intrarit
1115 2855 1138 2895 b
1177 2856 1375 2895 intraret
1408 2857 1444 2897 R
1491 2853 1511 2909 Η
