1982 3230
215 342 298 383 682

214 758 297 802 683

218 1316 301 1357 684

124 1795 130 1799 ⁴
217 1737 299 1777 685

325 115 432 169 236
807 115 1110 158 MARTIANI
1145 99 1465 158 cAPELLA‘E

327 257 461 307 uadit
489 263 536 305 et
561 255 748 318 Tigridi
783 256 1080 314 infunditur,
1122 256 1293 306 dextro
1330 263 1492 307 autem
1530 266 1695 313 meatu
1720 257 1929 323 Babylo·

329 329 460 376 niam
497 327 643 390 petit,
682 340 806 389 quae
846 325 1119 376 Chaldaeae
1159 332 1303 391 caput
1339 334 1425 378 est.
1501 329 1587 378 sed
1613 327 1930 379 'redeundum

329 397 390 446 ad
419 411 557 444 oram
584 396 768 461 Syriae.
834 397 912 444 cui
939 397 1144 446 confinis
1171 403 1244 447 est
1270 397 1458 454 Cilicia,
1494 400 1545 447 in
1573 414 1668 463 qua
1694 398 1930 463 oppidum

328 466 533 515 Veneris
571 471 617 515 et
654 466 839 530 Cypros
883 466 1041 516 insula
1078 473 1126 516 et
1171 467 1350 518 fluuius
1383 468 1663 518 Paradisus.
1738 467 1931 519 Ciliciae

327 535 612 600 Pamphylia
662 539 900 592 sociatur,
949 539 1087 586 cuius
1131 536 1300 586 ultima
1346 538 1580 588 Phaselis.
1657 538 1932 603 dehincque
1973 550 1982 584 ε

327 606 572 671 Lycaonia
598 608 648 654 in
673 607 933 656 Asiaticam
969 608 1091 656 iuris
1119 606 1383 658 dictionem
1409 624 1579 666 uersa,
1609 624 1733 673 quae
1758 607 1819 658 ab
1851 606 1934 657 illa

326 683 468 742 parte
490 691 583 740 qua
607 676 823 726 Galatiae
851 678 1156 726 contermina
1179 684 1251 727 est
1269 678 1418 728 hahet
1438 680 1656 729 ciuitates
1677 684 1932 743 quattuor-

329 746 503 795 decim.
579 762 752 796 uerum
796 747 1113 812 Pamphyliae
1156 749 1323 797 iuncta
1358 749 1530 813 Lycia,
1576 764 1602 797 a
1629 763 1724 812 qua
1763 747 1934 812 incipit

327 831 471 866 mons
493 816 684 866 Taurus
708 822 870 881 'paene
903 818 1208 867 mediatenus
1235 818 1368 867 orbis
1394 819 1644 876 consciUS,
1673 834 1819 884 quem
1844 833 1932 883 pe·

329 892 579 950 ragraret‚
607 888 705 935 nisi
731 889 886 936 maria
919 889 1227 937 restitissent.
1305 903 1427 952 quae
1454 889 1717 954 aliquando
1744 888 1931 938 flexuo-
1954 902 1982 932 ιι

332 972 415 1006 sus
454 957 616 1006 euadit
654 963 701 1006 et
739 958 789 1005 in
815 958 1114 1022 Ripaeorum
1151 958 1390 1007 montium
1416 960 1531 1021 iuga
1561 959 1651 1008 sub
1678 959 1934 1008 nominum

331 1027 613 1076 diuersitate
648 1027 975 1090 protenditur.
1050 1042 1166 1076 nam
1196 1025 1333 1076 'inter
1371 1035 1532 1077 cetera
1566 1030 1768 1077 nomina
1802 1028 1933 1077 idem

330 1097 566 1160 Niphates
593 1104 666 1146 est
693 1096 938 1147 Caucasus
965 1103 1012 1147 et
1038 1097 1309 1160 Sarpedon.
1384 1098 1644 1147 Portarum
1671 1099 1818 1147 etiam
1842 1111 1932 1146 no-

330 1170 463 1216 mine
502 1172 733 1216 censetur
761 1172 808 1216 et
843 1167 958 1216 alibi
982 1168 1268 1223 Armeniae,
1297 1166 1412 1217 alibi
1439 1168 1657 1232 Caspiae.
1734 1173 1781 1216 et
1804 1167 1934 1217 idem

328 1238 603 1301 Hyrcanius
630 1237 896 1286 Coraxicus
923 1238 1180 1301 Scythicus
1207 1237 1477 1287 Ceraunius
1519 1237 1806 1302 appellatur.
1881 1237 1932 1286 in
1955 1250 1982 1282 12

332 1307 478 1371 Lycia
506 1306 628 1356 alius
654 1323 796 1356 mons
825 1308 1083 1357 Chimaera
1109 1306 1371 1372 <noctibus
1397 1308 1626 1372 flagrans,
1700 1307 1822 1357 haec
1846 1306 1934 1356 ha-

330 1377 437 1425 huit
463 1377 642 1442 oppida
663 1378 984 1441 septuaginta.
1031 1392 1164 1426 nunc
1188 1379 1381 1440 triginta
1408 1393 1492 1427 sex
1515 1384 1642 1427 sunt.
1680 1376 1934 1427 Telmesus

332 1447 568 1510 oppidum
596 1446 789 1503 dicitur,
818 1462 914 1511 quo
941 1448 1125 1496 finitur.
1182 1447 1299 1495 hinc
1324 1447 1592 1496 Asiaticum
1619 1449 1724 1496 siue
1751 1447 1934 1509 Carpa-

328 1516 486 1566 thium
513 1532 673 1573 mare,
704 1524 752 1566 et
778 1533 903 1581 quae
929 1518 1133 1580 proprie
1161 1523 1367 1566 uocatur
1393 1518 1527 1574 Asia,
1557 1519 1634 1566 cui
1660 1516 1719 1566 ab
1747 1518 1934 1566 oriente

327 1586 540 1651 Phrygia
591 1593 639 1636 et
681 1587 944 1650 Lycaonia,
991 1603 1017 1635 a
1062 1589 1414 1651 septemtrione
1458 1585 1789 1650 Paphlagonia
1843 1592 1929 1635 est.
1955 1599 1982 1630 2<

329 1657 476 1705 huius
502 1656 755 1720 longitudo
783 1657 1143 1721 quadringenta
1179 1658 1487 1720 septuaginta
1527 1656 1657 1705 milia
1686 1671 1933 1720 passuum,

330 1725 531 1776 latitudo
568 1732 802 1775 trecenta.
878 1728 1111 1775 Armenia
1146 1726 1298 1776 altera
1333 1727 1393 1776 ab
1422 1728 1637 1783 oriente,
1677 1742 1704 1775 a
1739 1731 1933 1791 septen-

443 1867 467 1916 ξ
497 1868 578 1908 682
612 1879 667 1906 ex
687 1866 841 1908 Plinio
862 1867 903 1907 V
932 1868 1099 1907 91—96
1157 1863 1177 1920 H
1240 1865 1264 1915 ξ
1294 1867 1376 1908 683
1409 1880 1464 1907 ex
1492 1866 1646 1907 Plinio
1666 1866 1707 1907 V
1736 1866 1789 1907 97
1811 1867 1858 1905 et
1878 1864 1934 1915 98

331 1927 378 1962 et
400 1925 481 1963 100
510 1923 571 1962 in.
622 1919 644 1976 Π
696 1923 719 1971 ξ
750 1924 832 1963 684
865 1936 920 1963 ex
939 1923 1093 1962 Plinio
1115 1923 1155 1962 V
1180 1925 1400 1964 loo—102
1457 1919 1477 1975 Η
1534 1923 1558 1971 ξ
1588 1922 1670 1962 685
1703 1934 1758 1961 ex
1783 1920 1934 1961 Plinio

328 1979 370 2018 V
391 1980 614 2019 102—103
636 1979 700 2017 in.
734 1982 780 2018 et
802 1978 957 2019 Solino
979 1993 1024 2031 p.
1049 1980 1143 2028 185,
1167 1980 1307 2018 6—14

445 2119 466 2157 1
497 2117 846 2157 babiloniamB
885 2114 905 2170 [Ι
951 2120 976 2157 2
1009 2117 1199 2157 caldeae
1221 2117 1302 2158 BR
1340 2115 1361 2171 Η
1399 2121 1425 2159 3
1455 2118 1614 2158 horam
1634 2117 1716 2157 BR
1752 2113 1772 2169 11
1821 2115 1935 2156 cilia

328 2172 388 2212 B¹
428 2170 584 2226 {141031
615 2186 705 2225 qua
726 2175 827 2213 add.
848 2184 905 2212 —2—
925 2174 947 2213 b
984 2170 1006 2226 Ι]
1044 2175 1072 2212 4
1104 2174 1252 2225 cipros
1272 2173 1315 2219 B
1347 2174 1497 2225 ciprus
1519 2174 1542 2213 b
1582 2171 1601 2226 Η
1641 2178 1686 2212 et
1714 2172 1879 2212 fluuius
1909 2171 1935 2210 b

328 2229 492 2269 fluuius
514 2229 595 2270 BR
635 2227 652 2282 ΙΙ
691 2229 947 2281 paradysus
969 2229 1032 2268 bR
1070 2225 1091 2281 Π
1129 2231 1155 2268 5
1185 2229 1411 2281 pampilia
1432 2229 1482 2268 br
1510 2227 1766 2280 pamphilia
1785 2227 1869 2266 BR
1894 2223 1914 2280 ΙΙ

330 2287 355 2324 6
388 2285 591 2325 licaonia
622 2285 703 2325 BR
751 2281 771 2338 Η
821 2285 1041 2325 ditionem
1071 2285 1094 2323 b
1126 2284 1327 2324 dictione
1359 2285 1397 2324 R
1445 2281 1462 2337 ΙΙ
1513 2286 1537 2323 7
1570 2296 1687 2336 quae
1719 2281 1933 2336 galaciae

328 2342 367 2381 R
405 2337 426 2394 H
464 2344 490 2382 8
518 2341 798 2394 pamphiliae
819 2340 901 2380 BR
949 2338 971 2394 l}
1018 2340 1158 2380 liciae
1179 2340 1221 2379 B
1252 2340 1366 2380 licia
1387 2340 1423 2380 R
1444 2340 1613 2380 cilicia
1642 2353 1667 2378 r
1714 2343 1734 2392 Ι]
1784 2350 1811 2378 a
1843 2350 1934 2390 qua

336 2397 400 2437 bR
431 2410 521 2449 qua
548 2397 591 2436 B
649 2394 668 2451 Η
717 2399 741 2437 9
782 2397 995 2437 conscius
1031 2396 1114 2436 BR
1156 2396 1434 2436 constitutus
1465 2409 1490 2434 r·
1546 2392 1566 2449 {l
1625 2397 1678 2435 10
1709 2407 1826 2447 quae
1849 2393 1934 2434 BR

331 2454 409 2504 qui
435 2467 464 2505 p
510 2450 531 2507 l]
583 2454 632 2493 11
663 2453 944 2504 Ripaeorum
974 2453 1137 2493 Plinius
1173 2452 1434 2504 ripheorum
1462 2451 1544 2492 BR
1591 2447 1611 2504 Η
1668 2451 1720 2492 13
1757 2449 1932 2490 nifates

331 2510 460 2549 estR
497 2508 756 2549 nifatestB
785 2508 1004 2548 nimfates
1038 2511 1107 2548 est
1136 2508 1160 2548 b
1206 2505 1227 2561 Η
1276 2507 1499 2561 syrpedon
1532 2507 1555 2547 b
1604 2504 1623 2560 Η
1672 2507 1724 2548 15
1753 2517 1932 2555 myrea-

329 2577 415 2605 nus
437 2565 519 2605 BR
557 2562 577 2618 Η
627 2566 902 2605 eoranxieus
923 2564 966 2603 B
997 2564 1237 2604 coraxicus
1260 2564 1283 2603 b
1317 2564 1560 2604 coraxinus
1582 2563 1620 2602 R
1658 2559 1677 2615 Η
1726 2560 1934 2612 scyticus

327 2621 371 2660 B
402 2621 577 2674 syticus
603 2621 658 2660 R‘
679 2618 699 2673 Η
746 2617 1004 2660 ceraunius
1025 2621 1190 2660 Plinius
1222 2621 1465 2660 ceraunias
1486 2619 1569 2658 BR
1604 2614 1627 2670 Π
1674 2618 1726 2656 16
1759 2618 1931 2656 cimera

328 2676 410 2717 BR
442 2677 646 2716 chimera
677 2677 700 2715 b
749 2673 767 2728 Η
820 2677 871 2715 18
904 2677 1163 2728 carpatium
1182 2674 1267 2714 BD
1315 2672 1334 2729 {l
1384 2677 1436 2716 19
1469 2674 1542 2714 cui
1574 2674 1631 2712 ab
1662 2672 1686 2711 b
1718 2682 1838 2723 quae
1871 2671 1929 2710 ab

328 2732 370 2771 B
403 2733 460 2772 ab
483 2733 523 2771 D
562 2729 580 2786 Η
627 2734 682 2772 20
712 2731 853 2784 frigia.
873 2731 958 2770 BD
997 2728 1016 2785 Η
1062 2731 1267 2771 licaonia
1286 2731 1372 2771 BD
1420 2728 1439 2783 Η
1487 2728 1752 2782 paflagonia
1772 2727 1856 2766 BD
1894 2723 1914 2780 ΙΙ

329 2790 382 2827 22
413 2789 707 2828 latitudinem
738 2786 942 2828 CCCXX
962 2786 1011 2825 M
1032 2788 1195 2827 Plinius
1223 2787 1264 2825 V
1284 2790 1366 2826 102
1415 2785 1435 2839 Η
1484 2784 1621 2824 alteri
1651 2796 1765 2824 corr.
1788 2785 1832 2823 in
1863 2783 1932 2822 al-

329 2846 431 2883 tera
461 2843 504 2883 B
540 2843 593 2884 ul
624 2843 814 2883 alterior
843 2842 944 2882 add.
970 2841 993 2881 b
1023 2842 1211 2882 ulterior
1233 2842 1272 2879 D
1311 2839 1333 2894 fl
