1982 3230
313 150 421 203 332
695 196 698 197 a
795 151 1096 194 MARTIANI
1127 151 1447 193 OAPELLAE

533 291 892 355 blandificaque
919 290 1079 341 libens
1107 292 1348 356 stringere
1377 292 1526 342 corda
1553 293 1658 343 face

462 362 704 410 metantes
730 360 898 410 oculos
923 363 1150 424 reprimit
1175 362 1443 426 stupefacta
1471 378 1661 427 pauore

533 446 627 480 nec
650 431 877 494 perferre
904 430 1034 480 ualet
1060 432 1318 496 Gorgonos
1344 448 1430 482 ora
1456 434 1621 483 trucis,

464 501 504 551 si
531 501 723 551 erudita
750 501 946 565 placent
972 509 1105 551 certe
1130 502 1373 566 sponsalia
1401 503 1516 559 diui,

535 586 585 621 sa
608 579 703 620 tem
733 572 875 620 docta
904 571 1029 620 serat
1055 573 1270 622 carmina
1299 572 1538 637 Calliope:

465 657 578 690 nam
601 641 744 690 simul
772 641 1024 691 oblectans
1050 644 1189 692 uocis
1214 643 1546 697 modulamine
1571 650 1761 714 mentes

535 712 694 761 taedia
723 711 989 761 dulcisonis
1015 713 1206 762 auferet
1232 712 1310 763 illa
1336 715 1480 762 tonis,

102 761 398 869 ‘nrm-94¹)
465 783 646 847 quippe
674 797 787 830 scru
862 783 972 839 osiS‚
1002 782 1173 839 fateor,
1202 782 1377 833 lassata
1406 783 1581 846 puellis

534 853 741 901 insuetis
766 841 937 902 laedor
963 854 1276 902 maestificata
1303 855 1472 903 moriS.

464 922 695 971 Pronuba
721 924 760 970 si
787 921 968 985 uolupe
995 929 1067 971 est
1092 923 1213 972 haec
1240 925 1367 972 seria
1395 939 1599 987 carpere
1623 924 1763 982 Iuno,
1949 936 1982 970 1(

536 1007 629 1042 nec
657 1007 774 1041 cura
802 992 1014 1041 astriferi
1042 999 1087 1041 te
1113 993 1328 1042 stimulat
1354 993 1565 1051 thalami,

465 1068 538 1111 ast
565 1077 654 1125 ego
682 1062 940 1118 subcubui,
969 1062 1239 1127 lepidisque
1265 1063 1466 1113 adsueta
1493 1064 1686 1113 choreis

537 1147 636 1181 non
663 1131 802 1182 ualeo
829 1134 993 1181 tristes
1021 1148 1227 1182 cernere
1255 1133 1589 1197 Cecropidas?

148 1245 151 1250 ·
166 1191 306 1287 30828}
328 1223 375 1266 et
401 1232 511 1265 cum
547 1217 676 1265 dicto
711 1218 944 1280 resupina
982 1216 1234 1281 paululum
1271 1216 1566 1281 reclinisque
1605 1233 1734 1282 pone
1769 1218 1929 1268 oonsi-

326 1288 496 1336 stentis
524 1303 632 1336 sese
658 1288 881 1350 permisit
915 1287 1221 1351 amplexibus
1247 1287 1534 1352 Voluptatis,
1599 1289 1739 1337 cuius
1763 1287 1931 1338 uerbis
1953 1300 1982 1334 ιε

326 1358 684 1421 assertionique
710 1356 1440 1422 ruricolaeom'ne's‘mmique
1465 1358 1758 1421 fluctigenae
1783 1373 1932 1423 quam

327 1426 494 1490 plures
545 1429 690 1476 etiarn
753 1426 971 1475 astriluci
1036 1427 1301 1476 adsensere
1370 1428 1468 1476 diui
1541 1429 1931 1491 praesertimque
1972 1486 1977 1489 ,

327 1497 561 1546 Lemnius
588 1495 824 1545 Mulciber
851 1480 1100 1545 fabrilium
1127 1503 1317 1546 tantum
1344 1513 1550 1562 operum
1577 1496 1752 1547 sollers
1780 1499 1928 1547 mari-

326 1573 407 1616 tus
434 1567 705 1630 promtiore
731 1566 1054 1615 adtestatione
1081 1567 1368 1617 conlaudat:
1404 1574 1522 1616 tunc
1548 1568 1773 1631 denique,
1799 1567 1931 1632 quod

259 1641 293 1691 ἰ
327 1638 562 1686 decenter
588 1637 754 1684 innixa
781 1643 928 1700 atque
963 1638 1067 1700 ipsa
1093 1635 1394 1686 relabentem
1420 1637 1654 1686 lassitudo
1681 1637 1982 1695 decuerat‚au

326 1707 458 1755 Mars
484 1707 675 1755 eminus
696 1707 1009 1770 conspicatus
1034 1712 1235 1757 tenerae
1263 1723 1375 1757 cum
1402 1707 1739 1756 admirationis
1759 1707 1932 1757 obtutu

325 1776 638 1839 languidiore
675 1777 877 1825 fractior
902 1791 1027 1825 uoce
1063 1775 1280 1839 laudauit
1313 1777 1655 1842 profundaque
1690 1779 1827 1828 uisus
1861 1783 1935 1827 est

327 1849 536 1896 traxisse
564 1847 798 1910 suspiria,
835 1860 928 1895 nec
954 1846 1184 1896 Bromius
1218 1849 1269 1895 in
1306 1848 1492 1896 fauoris
1527 1848 1733 1911 gratiam
1767 1848 1931 1913 dispar

297 1918 444 1967 'fuitz
494 1918 611 1980 quin
657 1917 802 1966 etiam
838 1917 998 1979 ipsum
1034 1917 1359 1966 Atlantiadem
1402 1924 1501 1966 tam
1536 1918 1812 1967 flammatae
1846 1933 1931 1966 cu-

329 1987 547 2051 piditatis
574 2002 690 2035 cura
719 1988 968 2035 concussit
987 1994 1041 2035 ut
1066 1989 1292 2036 omittere
1321 1987 1468 2036 uellet
1487 2003 1611 2052 quae
1633 1989 1764 2037 circa
1783 2002 1928 2051 spon·
1954 2001 1982 2034 ει

330 2056 482 2105 salem
527 2066 724 2104 coetum
767 2058 1018 2105 ornatiora
1067 2057 1317 2121 disposuit.
1394 2054 1514 2107 tanti
1553 2059 1735 2122 quippe
1770 2058 1932 2107 uisum

212 2074 319 2172 8901
330 2141 596 2190 numquam
623 2125 806 2175 Veneri
833 2126 1110 2189 displicere.
1186 2143 1362 2176 uerum
1389 2143 1625 2191 superum
1652 2132 1792 2191 pater
1818 2126 1934 2177 licet

230 2214 288 2255 a„
326 2197 657 2245 insinuatione
679 2202 1017 2258 germanae-ut
1037 2204 1330 2260 properaret
1360 2197 1635 2246 admonitus
1655 2203 1819 2246 tamen
1843 2211 1931 2247 ne-

253 2313 258 2316 .
329 2265 445 2330 quid
466 2264 768 2328 nuptialibus
790 2264 1052 2327 derogaret
1071 2265 1326 2314 ornatibus
1347 2272 1434 2315 aut
1459 2273 1620 2316 tantae
1647 2266 1933 2316 eruditionis

330 2350 535 2384 examen
559 2334 789 2384 deliciosa
809 2336 1116 2384 festinatione
1137 2334 1547 2400 conuelleret,qui
1567 2335 1932 2400 probandarum
1955 2349 1982 2383 a

210 2409 296 2449 891
329 2420 569 2455 numerus
590 2412 870 2468 superesset
889 2404 1009 2453 nihil
1028 2405 1238 2454 afferens
1251 2405 1570 2455 festinationis
1591 2407 1814 2470 exquirit.
1854 2407 1933 2455 cui

328 2475 796 2525 DeliusMedicinam
813 2474 1584 2540 suggeritArchitectonicamque
1597 2477 1647 2524 in
1669 2491 1932 2540 praepara-

446 2617 468 2654 1
500 2614 812 2667 blandifiaque
834 2615 872 2655 R
918 2613 936 2668 ΙΙ
982 2616 1008 2654 2
1039 2627 1212 2667 pauore
1234 2616 1275 2654 D
1303 2628 1476 2667 uapore
1498 2615 1580 2655 BR
1617 2627 1776 2666 sopore
1807 2614 1857 2654 br
1894 2611 1916 2668 [l
1941 2656 1943 2658 ,

332 2670 490 2724 taedia
520 2671 558 2711 R
606 2667 642 2724 Η
673 2672 699 2712 8
737 2671 964 2723 scruposis
995 2671 1033 2711 R
1081 2667 1099 2724 {l
1146 2670 1313 2723 puellis
1343 2671 1426 2711 BR
1464 2670 1659 2712 salebris
1689 2671 1731 2709 D
1766 2621 1967 2748 duellis}

332 2727 660 2778 Oudendorpius
682 2727 814 2778 Apul.
845 2727 872 2766 I
899 2740 944 2778 p.
977 2728 1062 2766 484
1111 2722 1130 2779 Η
1179 2729 1204 2766 9
1244 2726 1389 2767 modis
1420 2727 1444 2766 b
1493 2723 1512 2779 ΙΙ
1562 2728 1615 2767 10
1653 2726 1693 2765 si
1730 2725 1935 2778 Koppius

330 2783 399 2823 sic
429 2783 512 2823 BR
550 2780 569 2836 ΙΙ
620 2785 672 2823 13
705 2781 1007 2834 eaecropidas
1037 2782 1101 2822 bR
1142 2781 1431 2835 caetropidas
1459 2781 1503 2821 B
1547 2778 1566 2834 ΙΙ
1617 2782 1668 2820 16
1698 2781 1934 2822 ruricula&

329 2837 430 2878 B¹R
477 2835 496 2891 Η
554 2839 606 2878 18
645 2838 856 2878 mulcifer
886 2839 909 2878 b
957 2835 978 2891 [Ι
1033 2839 1087 2885 24
1124 2838 1354 2878 flammate
1384 2838 1423 2877 R
1468 2834 1488 2890 Η
1544 2838 1597 2877 26
1637 2841 1819 2878 centum
1847 2837 1931 2877 BR

324 2906 442 2934 corr.
469 2908 502 2945 p
551 2891 570 2947 l}
615 2901 715 2946 post
745 2895 891 2934 uisum
923 2895 1023 2933 add.
1058 2898 1127 2933 est
1158 2894 1180 2933 b
1218 2890 1238 2946 Η
1952 2905 1955 2907 ’
