1982 3230
448 111 738 157 CAESAms
772 83 1115 156 GhRMANIcI
1143 110 1388 154 ARATEA
1614 108 1718 162 393

34 313 39 319 ,
105 256 226 309 aliis.
270 271 383 306 cum
411 254 651 305 aduersus
676 254 900 318 gigantas
927 253 977 303 di
1003 251 1187 303 bellum
1216 258 1465 316 gererent,
1493 251 1643 302 Liber
1671 259 1721 301 et

20 324 36 389 ξ
102 328 354 379 Vulcanus
389 332 438 375 et
474 326 635 390 Satyri
669 326 815 375 asinis
863 324 1091 375 sedentes
1126 323 1339 389 profecti
1382 323 1442 373 ad
1486 337 1717 387 pugnam.
1763 352 1767 358 ·

14 405 35 473 f
105 398 236 464 quod
264 411 420 463 genus
446 396 660 446 inuisum
689 394 985 459 gigantibus.
1036 407 1264 458 magnam
1292 409 1467 443 uocem
1495 409 1608 443 cum
1636 409 1720 443 33-

17 474 37 530 ξ.
104 469 281 525 dirent,
320 468 479 517 territi
506 468 728 530 gigantes
755 466 845 515 hac
871 481 996 515 uoce
1022 466 1292 529 fugierunt.
1358 464 1420 514 ob
1449 464 1581 528 quod
1607 472 1723 513 sunt

25 540 248 589 sas-tris
299 536 435 588 inlati
483 544 531 587 et
578 538 626 586 in
667 538 809 601 signo
858 502 1108 585 notabili?
1123 535 1300 585 Cancri
1346 535 1509 598 positi.
1582 535 1722 585 cuius

13 650 22 685 ‚
104 624 279 660 cursus
316 609 375 658 ad
414 623 645 657 occasum
680 606 849 657 tendit.
925 605 1114 656 Cancer
1150 604 1302 655 habet
1344 605 1510 654 stellas
1550 606 1598 654 in
1636 620 1722 670 pe·

105 686 244 730 ctore
270 679 312 728 11
340 678 523 733 claras,
563 678 615 726 hi
641 684 754 728 sunt
782 678 931 734 Asini,
966 705 1024 712 —
1060 675 1452 726 PRAESEPIVM
1479 681 1643 724 autem
1670 682 1725 725 ut

106 749 264 800 nubes
298 751 431 799 iuxta
476 755 688 813 paret—
707 748 891 798 dextris
918 746 1126 812 pedihus
1161 745 1394 810 singulas.
1469 747 1593 795 fiunt
1618 745 1722 795 llll.

17 839 33 850 ··
105 819 349 870 obscurae
376 823 426 869 in
453 820 664 868 siuistris
691 821 886 884 priores
913 819 980 875 ll,
1012 817 1213 867 clarae
1202 833 1250 866 ι3
1278 816 1433 867 altero
1461 817 1519 874 ΙΙ,
1548 817 1598 865 in
1626 823 1724 866 ter-

19 890 88 939 ,ιῑιο
110 892 176 940 tio
201 891 248 948 Ι,
299 892 349 939 13
378 895 600 940 extremo
628 891 822 939 minore
852 890 898 946 l,
936 891 986 937 in
1016 889 1190 938 dextro
1218 903 1375 938 cornu
1411 887 1502 945 111,
1544 886 1728 936 similes

17 951 32 1014 ·.'
104 976 207 1011 non
242 974 450 1024 magnae
486 962 538 1009 in
577 961 777 1010 sinistro
804 960 871 1009 ΙΙ·
922 960 1046 1009 fiunt
1071 958 1215 1009 XVII.
1283 975 1338 1009 ex
1370 958 1548 1023 quibus
1574 972 1726 1023 super

31 1018 39 1044 ³
107 1038 295 1082 textum
317 1032 494 1081 Cancri
521 1036 634 1080 sunt
659 1032 702 1081 ΙΙ
730 1030 892 1081 clarae
914 1046 1040 1096 quae
1063 1026 1185 1082 ὄνοι
1211 1028 1542 1095 appellantur.
1596 1027 1727 1091 quod

109 1109 272 1152 autem
317 1102 524 1151 nubium
574 1102 704 1152 circa
758 1117 870 1153 eum
922 1101 1120 1151 uidetur
1171 1100 1491 1171 Praesepium
1533 1099 1725 1153 dicitur.

106 1173 241 1222 Asini
269 1178 430 1223 autem
459 1171 622 1221 stellas
646 1171 832 1222 hahent
860 1172 961 1229 1111,
991 1172 1112 1221 duas
1133 1171 1293 1220 claras
1324 1161 1446 1220 duas
1470 1170 1725 1219 obscuras.

18 1255 84 1290 15
106 1242 325 1309 reliquae
349 1243 472 1292 fiunt
496 1242 599 1293 XII.
604 1241 639 1308 >
1736 1252 1849 1294 52ss

252 1354 407 1412 Quam
436 1355 595 1404 media
623 1353 720 1421 est]
749 1371 792 1403 u.
826 1362 924 1404 146

251 1437 377 1504 <Η10
404 1438 635 1489 notabilis
663 1445 710 1488 et
735 1439 979 1488 maximus
1004 1442 1134 1489 inter
1155 1439 1305 1501 signis
1333 1443 1406 1487 est
1426 1437 1557 1487 Iouis
1578 1437 1728 1487 bene-

109 1509 237 1567 ficio,
267 1509 398 1574 quod
424 1511 607 1559 uirtute
634 1516 832 1574 praeter
859 1515 1051 1560 ceteras
1076 1510 1259 1559 bestias
1284 1507 1570 1573 praecellat.
1624 1506 1729 1557 aliis

112 1579 277 1644 placet
304 1580 434 1644 quod
461 1581 654 1644 primus
672 1579 902 1630 Herculis
927 1579 1068 1630 labor
1097 1587 1242 1637 esset,
1271 1580 1543 1629 memoriae
1570 1579 1725 1628 hono-

51 1665 95 1697 30
117 1651 283 1700 rificae
318 1650 579 1710 traditum,
611 1655 667 1700 ut
692 1650 960 1700 Pisandrus
987 1649 1265 1716 Rhodius>
1325 1649 1550 1713 Nigidius
1576 1649 1732 1698 refert

115 1720 249 1770 hunc
275 1719 470 1770 leonem
497 1722 735 1770 nutritum
764 1722 893 1785 apud
916 1721 1105 1771 Lunam
1131 1723 1271 1770 iussu
1295 1719 1497 1769 Iunonis
1524 1719 1584 1768 ad
1606 1718 1730 1768 Her-

117 1789 240 1840 culis
267 1792 467 1840 exitium
498 1790 853 1872 dimissumque
891 1791 1026 1842 caelo
1055 1808 1079 1842 3
1108 1791 1299 1840 133033
1334 1791 1384 1838 13
1427 1796 1613 1840 terram
1639 1790 1729 1838 Ar·

117 1860 307 1910 cadiam
335 1863 383 1910 in
410 1863 667 1926 regionem
696 1861 926 1911 Nemeae.
979 1863 1027 1910 in
1058 1877 1152 1925 qua
1182 1861 1467 1925 speluncam
1496 1876 1618 1915 esse,
1647 1859 1731 1908 uhi

116 1931 196 1980 hic
216 1931 294 1980 leo
314 1932 476 1982 uictus
497 1939 802 1981 memoratur
820 1948 946 1996 quae
968 1931 1006 1999 †
1028 1932 1328 1997 Mihidymon
1346 1931 1544 1979 nomine
1566 1930 1732 1980 fuerit.

53 2015 95 2048 35
117 2000 356 2052 Hercules
391 2003 526 2052 iussu
553 2003 813 2067 Eurysthei
842 2004 1091 2052 interiecit
1118 2018 1230 2052 cum
1257 2001 1513 2052 Molorcho
1539 2001 1733 2082 hospite

120 2087 237 2128 suo,
276 2073 414 2121 cuius
451 2072 667 2129 clauam,
707 2088 853 2136 quam
884 2073 1073 2122 unibus
1099 2073 1337 2122 tributam
1366 2077 1465 2122 tum
1492 2072 1735 2136 principio

235 2255 287 2296 18
319 2253 498 2295 Catast.
520 2268 561 2307 p.
585 2255 683 2306 246,
707 2257 758 2295 21
780 2277 837 2283 -
858 2257 956 2306 247,
983 2259 1034 2297 10

236 2425 258 2463 1
291 2424 508 2475 gigantes
530 2420 585 2462 P¹
624 2419 644 2475 ΙΙ
683 2423 710 2461 4
742 2435 769 2462 a
789 2436 871 2475 pro
891 2423 982 2462 hac
1002 2423 1044 2462 B
1079 2420 1098 2476 Η
1135 2423 1185 2463 12
1219 2424 1355 2463 aenoi
1376 2423 1418 2462 Ρ
1448 2419 1469 2476 {l
1509 2423 1561 2462 17
1594 2423 1738 2475 signis

123 2478 156 2518 C
182 2480 240 2530 cf.
269 2492 313 2530 p.
347 2480 449 2525 382,
482 2480 537 2517 21
577 2475 596 2531 [l
638 2478 688 2517 18
719 2478 978 2530 praecellat
1014 2480 1055 2519 V
1094 2478 1230 2519 cellei
1261 2478 1294 2518 G
1331 2475 1350 2532 Η
1401 2480 1453 2519 19
1483 2478 1670 2519 hercule
1699 2479 1744 2519 P

119 2534 332 2577 hercules
361 2534 403 2574 B
442 2530 461 2587 Η
508 2532 639 2573 labor
671 2539 795 2574 esset
823 2536 912 2574 seri
942 2539 982 2575 si
1016 2534 1199 2576 labores
1232 2534 1312 2574 sed
1346 2535 1380 2575 C
1423 2532 1443 2589 [Ι
1491 2536 1546 2575 20
1577 2536 1739 2575 Pisan-

121 2590 229 2632 drus
267 2590 316 2630 Η
315 2592 467 2643 yyinus
504 2589 785 2631 Periandrus
829 2590 862 2631 C
954 2588 1086 2643 ίνδαρ
1090 2602 1141 2632 oc
1180 2593 1305 2632 codd.
1350 2591 1442 2633 Cat.
1497 2587 1516 2644 ΙΙ
1573 2591 1739 2632 hodius

124 2648 159 2688 C
197 2660 311 2689 corr.
349 2648 389 2687 V
436 2644 455 2699 Η
500 2645 699 2698 nigidius
727 2646 770 2686 B
807 2647 963 2700 nigius
991 2648 1033 2687 P
1077 2645 1095 2701 ΙΙ
1142 2649 1195 2687 22
1236 2647 1503 2687 archadiam
1536 2647 1569 2687 C
1614 2644 1633 2701 ΙΙ
1683 2649 1741 2688 24

122 2715 242 2756 quae
271 2705 430 2755 scripsi
460 2702 568 2755 quia
598 2702 663 2742 Pb
695 2713 787 2753 qua
807 2702 849 2742 B
888 2700 907 2756 Η
940 2703 1163 2754 Didymos
1195 2703 1454 2744 Munclcerus
1487 2700 1506 2757 Η
1542 2706 1596 2744 25
1625 2704 1741 2744 Her-

123 2759 228 2800 0313
260 2759 427 2801 Georr.
456 2760 498 2799 V
533 2756 554 2810 ΙΙ
594 2758 876 2799 euristheiB
911 2755 930 2812 Η
965 2759 1194 2800 molorcho
1225 2758 1374 2801 5Ὶνοι1
1379 2761 1500 2800 ianus
1529 2759 1741 2801 molocho
1824 2784 1827 2785 ν

123 2815 164 2911 Z
204 2813 224 2869 Η
263 2817 326 2912 126
355 2819 459 2925 lltum
498 2817 599 2856 add.
631 2814 845 2856 Bac-hezer
880 2828 980 2856 mue.
1012 2816 1148 2859 Rhen.
1179 2829 1273 2857 nou.
1308 2815 1439 2856 XIII
1474 2830 1522 2869 p.
1557 2818 1644 2857 183
1682 2830 1741 2857 ex

169 2884 260 2924 mpe
278 2884 317 2913 zo
