1982 3230
295 140 397 193 192
771 139 1071 181 MARTIANI
1101 128 1418 182 O‘APELLAE

294 297 470 332 uersus
508 297 598 330 nos
626 280 768 330 ualde
797 281 910 329 facit
937 286 984 330 et
1010 295 1107 329 non
1143 287 1218 331 est
1243 282 1290 330 in
1317 283 1476 345 primo
1514 281 1622 330 loco
1650 281 1898 346 ponenda.
1935 274 1948 278 ⁶
1972 330 1982 342 „

294 354 344 401 in
371 351 662 416 hypophora
699 351 973 400 cauendum
1012 357 1087 400 est
1112 365 1174 400 ne
1199 350 1343 415 plene
1371 359 1420 401 et
1446 354 1644 416 copiose
1669 359 1895 416 ponatur,
1944 402 1953 407 ,
1976 348 1982 401 j

295 435 593 484 quamquam
631 420 890 485 aliquando
934 421 1171 470 irridendi
1214 422 1482 471 aduersarii
1518 437 1689 479 causa,
1726 423 1767 472 si
1801 422 1897 472 hoc
1963 406 1982 502 ἶ

294 497 495 554 augeat,
535 491 596 540 de
623 506 719 555 quo
754 491 887 540 nulla
925 493 1145 554 quaestio
1183 498 1280 548 est,
1325 493 1665 556 exaggeranda
1699 509 1727 542 a
1753 492 1898 542 nobis
1971 497 1982 510 ’·

295 568 383 617 est,
413 568 496 610 aut
520 568 573 610 ut
594 562 723 625 quod
752 561 998 626 discrepat
1022 562 1350 612 ostendamus,
1400 556 1716 628 hypophorae
1740 562 1898 612 trihus
1940 573 1962 607 5

294 631 453 704 modis
489 633 849 681 imminuuntur
890 632 1161 682 adiectione
1198 632 1492 690 uerborum,
1541 634 1895 688 immutatione,

294 702 610 751 detractione.
640 702 926 766 hypophora
949 709 1022 751 est
1042 709 1202 751 autem
1231 705 1435 752 intentio
1463 703 1699 752 aduersae
1726 703 1894 766 partiS,

295 772 673 837 anthypophora
700 774 959 837 responsio
987 774 1107 822 eius,
1856 774 1861 776 ’

181 871 264 912 564
435 867 992 907 ANAGEPHALAEOSIS
1030 864 1102 906 est
1137 856 1288 906 ueluti
1316 873 1340 906 a
1380 859 1536 921 capite
1573 872 1750 906 causae
1786 856 1898 905 hre-
1977 910 1982 914 ⁴

293 927 369 976 uis
415 929 641 990 repetitio
687 928 1045 991 quaestionum.
1121 926 1523 990 anacephalaeosi
1566 942 1666 975 non
1703 936 1900 990 semper
1922 938 1964 970 ιο

293 997 532 1046 utendum
583 1005 656 1046 est
705 997 791 1046 sed
828 997 1023 1060 quando
1074 1003 1157 1045 aut
1203 998 1515 1059 partitionem
1565 998 1770 1045 fecimus
1819 1003 1901 1045 aut

297 1066 492 1131 quando
519 1068 568 1115 in
605 1066 782 1116 multas
814 1068 1128 1131 quaestiones
1168 1082 1312 1116 causa
1349 1068 1615 1129 processit,
1642 1068 1707 1116 ita
1734 1072 1898 1116 tamen

295 1143 349 1186 ut
375 1153 614 1186 summam
643 1139 893 1201 cuiusque,
917 1152 1015 1186 non
1042 1142 1207 1199 partes
1231 1138 1446 1201 partium
1473 1145 1766 1186 retexamus,
1805 1150 1902 1200 qua

297 1208 493 1271 quidem
531 1213 728 1256 utemur
756 1209 899 1256 etiam
926 1209 984 1256 -in
1012 1207 1102 1256 alia
1130 1213 1270 1270 parte
1298 1208 1547 1263 orationis,
1578 1222 1689 1255 cum
1724 1205 1900 1255 iudicis

296 1279 532 1326 memoria
571 1279 779 1327 fortasse
806 1277 1119 1334 succumbet,
1160 1293 1285 1342 quae
1321 1293 1402 1326 res
1430 1284 1547 1325 tunc
1572 1273 1899 1338 ἐπιμεριεμόε
1923 1286 1964 1319 15

297 1355 522 1396 uocatur.
598 1347 1029 1411 anacephalaeosis
1065 1354 1231 1413 tamen
1268 1347 1399 1397 nulla
1427 1362 1542 1411 pars
1569 1347 1802 1396 orationis
1829 1351 1902 1394 est

297 1417 383 1466 sed
411 1417 589 1481 epilogi
615 1417 854 1482 quaedam
878 1418 1056 1481 porti0.

183 1529 267 1572 565
439 1526 727 1566 EPILOGVS
765 1516 893 1564 enim
929 1520 1030 1564 tres
1063 1521 1228 1578 partes
1265 1515 1435 1564 habet:
1477 1515 1898 1564 enumerationem

296 1586 613 1651 praedictam,
640 1585 1027 1648 indignationem
1056 1601 1199 1648 quam
1227 1584 1467 1636 δείνωειν
1496 1586 1726 1640 dicimuS,
1755 1585 1898 1632 mise-

298 1657 538 1705 rationem
575 1670 720 1718 quam
760 1652 943 1706 οἶκτον
982 1654 1063 1703 uel
1098 1653 1249 1705 ἔλεος
1284 1669 1630 1704 memoramus
1708 1654 1794 1703 sed
1829 1653 1899 1702 di·
1923 1666 1964 1699 20

300 1727 436 1775 nosis
473 1741 531 1774 ex
567 1724 688 1773 locis
724 1732 1142 1788 argumentorum.
1219 1740 1332 1773 nam
1370 1725 1445 1773 his
1473 1739 1570 1773 non
1606 1731 1793 1772 tantum
1820 1737 1901 1772 res

299 1795 583 1859 probamus,
621 1810 799 1844 uerum
826 1796 970 1843 etiam
999 1809 1250 1857 augemus,
1326 1795 1413 1844 sed
1441 1795 1726 1859 conquestio
1753 1793 1798 1842 id
1828 1799 1901 1841 est

300 1867 553 1915 miseratio
590 1865 747 1914 isdem
784 1880 844 1912 ex
878 1864 999 1913 locis
1042 1873 1447 1927 argumentorum
1482 1865 1691 1914 sumitur
1725 1862 1901 1926 quibus

302 1942 350 1985 et
387 1936 670 1999 indignatio.
745 1936 1063 1999 peroratione
1110 1941 1271 1984 tamen
1317 1950 1415 1983 non
1453 1936 1503 1983 in
1539 1932 1672 1999 <fine
1714 1939 1900 1982 tantum

301 2007 537 2055 orationis
571 2005 808 2054 utendum
845 2005 931 2054 sed
968 2004 1054 2053 uhi
1093 2006 1296 2054 materia
1340 2005 1617 2068 permiserit
1651 2003 1697 2052 id
1736 2009 1809 2052 est
1850 2003 1900 2050 in
1923 2014 1966 2048 25

301 2075 604 2139 digressione
630 2075 986 2138 principiorum
1025 2081 1108 2124 aut
1142 2076 1437 2124 narrationis
1473 2073 1696 2123 assiduae
1732 2072 1817 2122 sed
1855 2079 1902 2120 et

300 2146 639 2210 quaestionum
677 2159 778 2192 non
813 2158 1097 2208 numquam.
1172 2146 1223 2192 in
1258 2144 1449 2209 epilogo
1487 2143 1782 2206 generaliter
1815 2142 1902 2191 ob·

301 2214 603 2263 seruandum
642 2220 696 2262 ut
722 2213 890 2261 breuis
916 2214 1003 2270 sit,
1033 2215 1071 2260 si
1100 2213 1297 2277 quidem
1326 2220 1598 2262 commotus
1633 2213 1775 2261 iudex
1803 2218 1899 2260 sta-

301 2285 390 2333 tim
418 2283 735 2332 dimittendus
773 2287 844 2331 est
870 2282 929 2332 ad
956 2284 1247 2332 sententiam
1272 2283 1646 2348 proferendam,
1676 2282 1791 2330 dum
1819 2286 1903 2330 aut

415 2453 440 2492 9
469 2473 527 2480 --
556 2465 598 2504 p.
624 2453 719 2502 193,
742 2452 767 2490 2
797 2467 854 2485 Ξ
874 2450 1115 2491 Fortunat.
1137 2450 1182 2490 11
1207 2463 1230 2489 c
1252 2452 1303 2492 31

416 2610 442 2647 3
473 2606 514 2646 si
533 2605 620 2645 hoc
643 2609 813 2658 augeat
833 2607 1046 2658 suppleuit
1066 2606 1259 2645 Halmius
1280 2618 1302 2645 e
1324 2606 1629 2646 Fortunatiano
1648 2605 1798 2655 p.118,
1815 2605 1842 2642 2
1863 2600 1883 2656 ΙΙ

299 2664 328 2703 4
360 2662 569 2714 quaestio
592 2665 709 2714 quae
729 2674 1058 2714 exaggeramus
1080 2661 1122 2700 B
1161 2658 1180 2715 Η
1219 2663 1243 2701 5
1267 2664 1347 2701 aut
1366 2662 1466 2702 add.
1491 2662 1681 2700 Halmius
1717 2655 1736 2712 ss
1776 2660 1802 2698 6
1823 2659 1901 2698 de-

303 2718 581 2759 tractatione
611 2717 693 2758 BR
731 2714 749 2771 [l
791 2719 840 2757 11
873 2718 1069 2757 facimus
1091 2717 1115 2757 b
1154 2714 1173 2770 ΙΙ
1221 2719 1275 2757 20
1310 2715 1473 2757 οἶκτον
1498 2716 1687 2755 Halmius
1716 2715 1901 2766 yctosin

304 2774 345 2812 B
374 2775 574 2826 ystostin
604 2774 639 2813 R
687 2771 707 2827 ll
755 2776 808 2814 20
840 2770 936 2825 sed]
971 2773 1161 2813 sumitur
1189 2775 1256 2812 uel
1294 2773 1373 2812 sed
1404 2772 1594 2812 sumitur
1622 2771 1815 2810 Halmius

302 2831 357 2869 23
387 2829 531 2870 isdem
552 2843 607 2870 ex
626 2829 743 2870 locis
767 2830 957 2870 Halmius
987 2829 1057 2868 his
1079 2829 1192 2869 locis
1213 2828 1295 2869 BR
1332 2825 1351 2882 ΙΙ
1388 2829 1443 2869 26
1463 2827 1760 2879 degressione
1781 2823 1840 2866 B¹

305 2886 358 2924 29
389 2885 624 2926 ferendam
655 2886 984 2926 Fortunatianus
1029 2881 1048 2938 Η
