1982 3230
0 0 137 221 ἔν
577 166 661 207 DE
691 136 919 207 mano
949 163 1139 218 LIBRo
1232 147 1244 160 ‘
1602 164 1667 206 L1

0 221 21 267 ἑ,

0 292 18 323 '⁴'
51 311 241 349 amasse
267 296 446 346 dicitur
470 293 684 350 Lunam,
715 290 801 358 dui
828 295 1025 357 spretus
1050 293 1189 359 pauit
1213 306 1397 357 pecora
1425 291 1669 342 candidis-

51 384 172 433 sima
200 386 248 431 et
271 382 344 430 sic
370 394 477 430 eam
504 378 553 427 in
580 392 695 428 suos
720 375 873 427 illexit
910 376 1192 442 amplexus:
1231 379 1374 429 cuius
1399 380 1478 428 rei
1499 380 1669 442 mysti-

51 481 145 519 cae
172 466 500 532 (Burmannus
524 471 663 513 recte
688 460 899 528 mystici)
936 465 1114 513 uolunt
1139 464 1402 525 quandam
1428 462 1673 513 secretam

51 565 158 602 esse
179 553 445 601 rationem.

193 634 249 684 In
281 632 603 698 sequentibus
639 631 860 696 Koppius
900 633 963 697 (p.
992 630 1078 688 46,
1106 629 1178 681 20
1202 630 1295 695 sq.)
1335 631 1442 681 iure
1479 632 1676 682 uidetur

53 719 357 771 Facundiam
393 718 640 767 Mercurio
676 716 737 766 ab
765 716 986 766 Etruscis
1020 717 1070 765 in
1108 711 1476 766 matrimonium
1514 716 1676 766 datam

58 805 265 854 miratus
300 817 422 854 esse.
475 802 561 851 sed
598 816 743 866 quam
772 801 1061 852 Gerhardus
1099 801 1411 866 allegoricam
1450 802 1591 871 deam
1630 807 1678 851 et

57 888 127 954 (ut
151 889 350 940 uidetur
376 885 668 952 significare)
708 902 735 936 a
771 887 1013 936 Martiano
1055 887 1219 936 fictam
1256 893 1425 936 censet
1462 887 1524 952 (p.
1555 883 1675 951 20⁷)

50 988 163 1029 ,eam
201 973 332 1023 haud
359 973 467 1023 ueri
494 971 653 1022 simile
690 971 818 1021 duco
844 971 979 1022 hunc
1005 971 1259 1022 hominem
1296 986 1385 1021 suo
1413 971 1506 1021 sibi
1542 973 1677 1037 peri-

55 1057 166 1110 culo
214 1057 483 1108 fabricasse
521 1071 632 1107 cum
669 1058 960 1121 praesertim
1007 1058 1297 1106 nominatim
1340 1056 1401 1106 ad
1439 1056 1679 1106 Etruscos

57 1148 312 1208 prouocet.
355 1142 443 1192 sed
468 1156 622 1192 unum
651 1141 839 1191 accedit
859 1156 956 1206 quo
982 1142 1033 1189 ni
1054 1140 1196 1190 fallor
1223 1141 1677 1191 manifestissimum

57 1228 112 1278 fit
136 1227 266 1277 hanc
293 1227 444 1277 fuisse
470 1226 631 1291 aliquo
659 1225 806 1275 modo
833 1240 945 1275 cum
971 1225 1220 1275 Mercurio
1250 1225 1548 1290 copulatam.
1604 1226 1678 1274 ni·

56 1313 237 1362 mirum
271 1311 540 1361 Martianus
584 1312 623 1360 si
668 1310 879 1359 finxerat
913 1309 1238 1374 Philologiam
1276 1310 1511 1359 Mercurii
1560 1325 1679 1358 con-

55 1397 238 1461 iugem,
266 1395 398 1445 nulla
419 1409 588 1445 caussa
614 1392 921 1444 erat'addere
942 1393 1086 1443 aliam
1108 1394 1252 1445 deam
1274 1400 1417 1445 antea
1431 1393 1680 1444 Mercurio

57 1481 302 1531 iunctam:
342 1482 515 1530 contra
542 1481 582 1528 si
609 1478 697 1528 alia
725 1479 822 1528 iam
851 1485 958 1528 erat
984 1479 1232 1529 Mercurio
1259 1480 1427 1529 iuncta
1453 1494 1681 1530 necessa-

59 1566 188 1615 rium
226 1570 331 1615 erat
364 1565 493 1614 hanc
527 1579 634 1614 rem
671 1578 925 1613 excusare.
1002 1567 1170 1627 itaque
1204 1565 1479 1614 Varronem
1528 1578 1677 1630 quem

58 1648 237 1715 procul
273 1648 424 1699 dubio
462 1650 605 1699 etiam
631 1647 724 1698 hac
757 1650 808 1697 in
847 1663 902 1698 re
929 1655 1127 1699 secutus
1163 1657 1238 1699 est
1272 1655 1391 1715 puto
1418 1648 1682 1699 Etruscam

60 1733 272 1798 aliquam
320 1734 461 1784 deam
497 1749 608 1783 cum
645 1733 893 1782 Mercurio
940 1734 1210 1799 antiquitus
1256 1735 1474 1783 iunctam
1512 1732 1682 1782 Latine

59 1820 282 1869 uertisse.

202 1903 337 1961 Quae
363 1918 411 1966 p.
432 1900 518 1959 47,
543 1900 717 1951 1—10
742 1901 976 1966 leguntur
999 1902 1116 1967 quid
1142 1902 1419 1966 significent
1446 1901 1683 1966 indagan-

55 1988 180 2037 ‘dum
216 1986 500 2037 hominibus
536 1989 621 2052 qui
667 2001 835 2036 rerum
871 1988 1220 2052 Aegyptiarum
1267 1989 1408 2050 gnari
1444 1992 1558 2036 sunt
1603 2000 1682 2036 re·

62 2070 247 2137 linquo.
322 2072 407 2122 sed
446 2073 494 2121 in
532 2078 635 2120 toto
671 2070 751 2119 illo
780 2070 981 2121 caelesti
1002 2072 1191 2123 itinere
1228 2071 1333 2142 (46,
1361 2071 1395 2122 3
1419 2099 1489 2110 ——-
1515 2068 1600 2129 51,
1629 2069 1684 2136 7)

63 2157 251 2221 singula
302 2156 460 2221 quoad
511 2156 620 2205 fieri
683 2157 841 2220 potuit
899 2155 1269 2221 diligentissime
1319 2157 1542 2222 Koppius
1600 2171 1684 2205 ex-

62 2242 278 2306 plicauit.
353 2242 414 2291 de
449 2242 666 2308 carmine
693 2246 857 2291 autem
894 2241 1027 2306 quod
1066 2255 1113 2305 p.
1141 2240 1227 2298 48,
1248 2239 1287 2294 „6
1314 2257 1388 2306 sq.
1417 2241 1594 2306 legitur
1622 2240 1686 2290 cf.

62 2325 337 2377 Lobeckius
372 2325 606 2390 Aglaoph.
647 2341 695 2390 p..
732 2323 863 2380 464;
901 2340 1064 2390 neque
1103 2325 1338 2376 dissimile
1373 2326 1686 2376 theocrasiae

65 2410 344 2475 exemplum
371 2417 444 2459 est
470 2410 681 2476 hymnus
707 2412 758 2460 in
777 2411 925 2468 Attin,
954 2425 1102 2477 quem
1128 2412 1344 2462 restituit
1365 2411 1421 2462 G.
1443 2411 1685 2460 Herman-

51 2509 158 2561 -nus
185 2495 479 2560 (Comment.
511 2496 647 2545 acad.
675 2495 806 2560 LipS.
837 2493 975 2546 1849
1001 2512 1049 2561 p.
1081 2494 1108 2545 1
1137 2496 1236 2561 sq.)

208 2581 344 2640 Quae
381 2580 650 2630 Martianus
685 2581 879 2629 tertio
914 2579 1041 2630 libro
1077 2582 1326 2646 exposuit,
1366 2579 1498 2642 quod
1533 2580 1686 2628 inter-

67 2664 184 2716 dum
209 2665 429 2731 Koppius
473 2664 714 2730 loquitur,
753 2667 893 2730 quasi
920 2665 1189 2715 Martianus
1227 2665 1555 2729 excerpsisset
1579 2663 1688 2713 Pri-

66 2751 287 2800 scianum
315 2750 389 2814 (p.
417 2746 522 2799 286
549 2749 624 2799 ed.
656 2749 843 2815 Kopp.)
879 2749 960 2800 uel
988 2749 1139 2800 alium
1165 2764 1338 2799 eorum
1366 2748 1448 2812 qui
1475 2754 1686 2798 aetatem

68 2833 301 2892 tulerunt,
340 2833 441 2884 falli
469 2834 691 2885 uidetur:
720 2834 807 2885 sed
834 2834 894 2884 de
921 2833 1188 2884 difficilima
1215 2833 1275 2883 de
1311 2832 1595 2883 auctoribus
1623 2833 1686 2883 ab

71 2917 166 2969 illis
189 2920 532 2971 Grammaticis
558 2918 791 2970 adhibitis
817 2920 1102 2984 quaestione
1125 2917 1206 2969 alii
1233 2925 1504 2983 sequantur
1530 2917 1687 2968 Lach-

1273 3003 1301 3051 d
1318 3002 1346 3034 *
