1982 3230
719 125 909 168 mmm
936 123 991 166 11-
1586 117 1654 171 37

466 275 667 335 reparat
691 266 851 317 libens
877 265 1045 323 Osiris,
1686 279 1748 320 33
1768 277 1805 319 G

464 338 736 392 sationibus
761 339 959 402 grauari

468 409 765 477 genitalibus
790 409 1002 472 repertis

4 525 22 549 Α
469 497 615 548 quem
644 483 736 530 scit
760 486 900 544 pater
926 479 1150 535 deorum,

0 568 23 608 ³
471 554 550 604 cui
575 552 783 602 lacteam
810 549 1042 615 papillam

0 633 6 676 l
471 623 688 690 gaudens
715 621 850 672 dedit
873 634 1107 677 nouerca,

11 693 20 716 ⁸
476 696 616 746 cuius
641 694 844 756 uigente
868 692 1011 755 uirga

30 771 39 790 ”
473 767 633 817 dirum
660 769 822 827 stupet
846 776 1111 818 uenenum,

470 838 547 887 cui
572 836 712 886 uirus
738 848 885 884 omne
912 833 1033 882 fanti

470 907 642 957 orbem
668 906 785 955 facit
811 902 1091 968 gemellum.

473 985 547 1029 est
572 978 745 1027 doctus
771 975 850 1025 ille
877 975 1046 1024 diuum

480 1049 566 1099 sed
597 1049 786 1098 doctior
813 1044 992 1111 puella.

474 1134 606 1169 nunc
630 1133 763 1168 nunc
789 1117 1001 1166 beantur
1028 1120 1158 1164 artes

475 1204 597 1256 quas
623 1190 693 1239 sic
721 1189 924 1238 sacratis
953 1185 1114 1243 amh0‚

6 1276 26 1309 ⁵
471 1268 525 1311 ut
551 1260 668 1310 dent
692 1273 858 1308 meare
885 1256 1020 1307 caelo

470 1337 694 1381 reserent
719 1329 916 1379 caducis
942 1333 1072 1378 astra

474 1418 530 1452 ac
556 1400 770 1451 lucidam
795 1414 951 1464 usque
979 1398 1039 1447 ad
1066 1397 1288 1447 aethram

473 1473 551 1537 pia
578 1470 844 1522 subuolare
870 1475 999 1519 uota.

471 1559 563 1609 per
587 1557 678 1593 uos
702 1541 823 1605 uigil
848 1541 1126 1605 decensque

0 1622 30 1663 't
86 1681 90 1684 ἡ
171 1644 178 1660 ·.
474 1615 606 1666 νοῦ(
631 1614 809 1663 mentis
836 1614 932 1661 ima
962 1611 1190 1675 complet,

392 1714 401 1725 =
475 1700 568 1749 per
594 1700 684 1734 uos
710 1683 916 1748 probata
943 1682 1109 1746 lingua

475 1757 571 1805 fert
597 1754 777 1817 glorias
802 1769 892 1819 per
919 1767 1119 1803 aeuum:

478 1842 569 1876 uos
597 1824 875 1889 disciplinas
902 1838 1073 1873 omnes

480 1912 538 1946 ac
562 1911 654 1945 nos
679 1901 868 1945 sacrate
894 1896 1073 1945 Musas.

198 1994 325 2046 Dum
361 1993 483 2044 haec
517 1995 667 2058 igitur
703 1994 870 2044 Musae
908 2007 1038 2056 nunc
1067 1991 1313 2042 solicanae
1338 2006 1473 2042 nunc
1500 1993 1664 2042 conci·
1698 2003 1779 2044 12⁷

57 2071 231 2116 nentes
265 2066 569 2115 interserunt
603 2066 923 2130 uicissimque
967 2063 1093 2114 mela
1132 2062 1292 2113 dulcia
1339 2062 1664 2127 geminantur,

57 2151 174 2206 ecce
201 2136 438 2202 quaedam
474 2141 730 2186 matronae
755 2135 920 2185 sobrio
949 2134 1131 2185 decore
1150 2133 1420 2184 laudabiles
1440 2149 1533 2183 nec
1550 2149 1667 2183 con-

56 2207 248 2273 quisitis
280 2207 530 2270 figmentis
561 2207 688 2256 circa
734 2206 912 2256 faciem
954 2205 1214 2255 uultuosae
1247 2220 1424 2255 uerum
1461 2204 1669 2269 simplici

42 2277 267 2344 <quadam
304 2278 531 2327 comitate
567 2278 899 2342 praenitentes
934 2277 986 2325 in
1020 2282 1225 2342 penates
1259 2276 1466 2340 uirginis
1510 2275 1664 2326 thala-

0 2361 37 2396 ευ
58 2363 296 2412 mumque
363 2349 679 2398 conueniunt.
778 2363 987 2412 quarum
1043 2362 1142 2397 una
1201 2347 1388 2397 intenta
1455 2347 1667 2395 circum-

44 2419 309 2485 spectione
352 2419 630 2468 cautissima
677 2425 725 2469 et
770 2419 933 2467 omnia
975 2433 1146 2468 rerum
1182 2417 1320 2482 uigili
1356 2418 1667 2467 distinctione

41 2489 400 2554 ⁸discriminans
426 2487 680 2539 dicebatur
705 2489 971 2546 Prudentia
994 2490 1216 2538 uocitari.
1260 2489 1406 2538 buius
1432 2502 1666 2552 germana
1698 2502 1781 2545 128

2 2596 22 2613 A·
59 2574 147 2611 sua
174 2561 364 2610 cunctis
390 2558 684 2616 attribuens,
711 2559 1000 2625 nullumque
1027 2575 1086 2610 eo
1114 2575 1211 2624 quo
1247 2574 1348 2609 non
1383 2557 1667 2608 merebatur

60 2631 292 2681 adficiens
326 2629 542 2680 Iustitiae
576 2629 826 2680 ferebatur
874 2631 1044 2681 sortita
1097 2629 1414 2680 uocabulum.
1487 2643 1663 2679 uerum
1697 2643 1779 2686 129

50 2771 86 2850 Ι’λζ’
174 2815 198 2855 1
220 2817 411 2868 reparat
425 2813 642 2866 Hauptius
669 2816 857 2866 separat
876 2812 958 2853 BR
996 2810 1014 2867 ΙΙ
1050 2814 1076 2854 9
1104 2813 1227 2854 fanti
1248 2813 1286 2854 R
1312 2813 1392 2853 sed
1411 2825 1440 2852 n
1460 2817 1670 2866 punctua-

63 2872 149 2910 ἡαπ
183 2866 206 2925 ΙΙ
243 2871 297 2913 10
324 2871 557 2912 uersiculus
577 2871 755 2910 nondum
777 2870 1021 2910 emendatus
1045 2876 1109 2910 est
1137 2866 1157 2923 Η
1195 2870 1250 2911 20
1270 2881 1355 2909 nus
1376 2868 1458 2910 BR
1477 2881 1562 2923 nys
1581 2882 1607 2910 r
1630 2865 1653 2924 ss

63 2925 120 2967 28
139 2937 298 2968 uerum
314 2940 347 2979 p
378 2939 526 2968 rerum
548 2925 630 2967 BR
666 2922 690 2981 Π

641 0 958 38 ,effeminem-‚os
1055 0 1089 18 ν’
1271 0 1275 4 ’
1431 0 1433 2 ·
1550 0 1555 3 ·
1602 0 1609 8 ··
1640 0 1699 11 '‘—1
1731 0 1743 4 ’·
1759 0 1794 40 1³7
1815 0 1839 4 ·’
1861 0 1948 25 „ww
