1982 3230
0 0 102 109 W
849 71 1035 114 LIBER
1063 72 1104 112 v
1690 67 1792 121 165

183 222 366 283 ‘patres
395 216 459 273 hi,
487 229 610 280 quos
634 213 827 271 uidetiS,
854 213 1059 269 iudices,
1089 213 1313 263 iacebant
1339 212 1388 260 in
1414 209 1583 262 limine
1607 214 1788 275 primo,

182 294 465 349 matresque
487 288 702 335 miserae
726 285 1090 349 pernoctabant
1123 290 1235 332 ante
1270 285 1448 332 ostium
1484 285 1702 331 carceris
1727 279 1787 330 ab

180 366 402 408 extremo
445 360 712 418 conspectu
757 353 966 404 liberum
1011 356 1267 409 exclusae,
1316 367 1441 417 quae
1480 350 1602 400 nihil
1649 353 1789 401 aliud

182 429 398 478 orabant
429 425 520 474 nisi
545 430 599 474 ut
624 423 847 475 filiorum
874 438 1078 474 suorum
1116 428 1414 487 postremum
1441 424 1675 488 spiritum
1702 436 1792 471 ore

138 500 413 559 sexcipere
453 494 672 545 liceret'.
750 493 810 543 ab
847 494 960 543 odio
1007 509 1119 542 cum
1168 493 1441 542 aduersarii
1488 493 1670 542 factum
1708 491 1789 541 uel

182 569 302 616 uiris
327 566 471 615 bonis
500 564 578 615 uel
615 564 858 614 iudicibus
884 564 1160 614 ostenditur
1199 563 1555 620 execrandum,
1595 569 1649 612 ut
1676 578 1790 612 cum

179 637 393 686 iudicum
424 637 677 699 corruptio
705 635 910 684 docetur
938 649 962 683 a
990 634 1144 682 Verre
1170 634 1355 682 iactari.
1433 634 1548 681 item
1579 637 1710 681 ‘cum
1737 634 1789 680 in

179 707 382 756 auaritia
419 706 608 756 scelere
635 706 855 769 periurio
892 719 983 753 uos
1019 705 1093 753 sui
1129 703 1311 753 similes
1339 718 1447 752 esse
1483 702 1787 752 arbitratur'.

176 777 361 826 inuidia
407 782 479 826 est
515 791 641 841 quae
684 774 896 840 quodam
939 773 1098 832 liuore
1142 775 1294 823 inficit
1337 774 1586 823 auditores
1625 778 1680 822 ut
1717 779 1792 822 est

113 863 156 896 ιο
178 846 330 911 ‘quod
367 847 427 895 ad
462 852 596 896 tuam
633 847 785 911 ipsius
822 846 1084 895 amicitiam
1124 852 1504 908 ceterorumque
1530 844 1786 892 hominum

179 931 468 980 magnorum
498 923 644 980 atque
671 915 910 964 nobilium
938 914 1208 964 faciliorem
1236 915 1454 964 auditum
1481 916 1620 963 istius
1641 913 1790 962 hahet

178 988 396 1051 nequitia
434 994 481 1036 et
515 987 718 1036 audacia
757 1001 903 1050 quam
951 987 1238 1050 cuiusquam
1284 991 1510 1034 nostrum
1549 985 1706 1033 uirtus
1742 990 1790 1033 et

179 1057 467 1121 integritas'.
543 1059 658 1106 item
695 1058 862 1105 ‘istum
890 1055 1042 1105 rebus
1080 1055 1310 1105 omnibus
1345 1055 1566 1119 undique
1608 1057 1788 1117 ereptis
1866 1082 1880 1089 κ

179 1128 378 1191 impune
406 1126 682 1176 eludentem
711 1126 1055 1176 circumfluere
1077 1132 1124 1175 et
1144 1126 1432 1176 abundare'.
1471 1124 1670 1189 <potest
1682 1125 1788 1188 qui-

115 1212 155 1244 15
180 1196 291 1247 dem
319 1203 367 1246 et
392 1196 471 1246 illa
499 1212 580 1246 res
616 1197 892 1246 auditorum
928 1203 1118 1246 mentes
1144 1196 1412 1246 incendere
1439 1203 1494 1244 ut
1520 1196 1559 1243 si
1586 1195 1787 1244 alicuius

180 1280 450 1331 exaggeres
484 1269 793 1331 tyrannicum
831 1267 1055 1329 spiritum
1083 1272 1166 1315 aut
1191 1268 1459 1331 potentiam
1496 1281 1596 1314 non
1623 1267 1787 1314 feren-

179 1336 306 1386 dam.
381 1343 567 1386 metum
604 1352 724 1386 uero
763 1338 989 1385 excitaris
1026 1336 1107 1386 uel
1141 1338 1356 1400 propriis
1392 1335 1473 1386 uel
1511 1338 1784 1384 communi—

176 1406 269 1456 bus
289 1406 537 1470 periculis.
576 1405 795 1472 propriis
820 1412 874 1455 ut
902 1407 1015 1455 ‘hoc
1039 1413 1110 1457 est
1136 1407 1385 1463 iudicium,
1418 1408 1466 1455 in
1490 1422 1586 1471 quo
1614 1421 1705 1455 uos
1727 1406 1788 1455 de

175 1492 279 1533 reo,
317 1476 530 1541 populus
556 1477 806 1526 Romanus
832 1477 909 1526 de·
926 1477 1068 1527 uobis
1094 1477 1365 1527 iudicabit'.
1443 1476 1787 1526 communibus

111 1559 153 1592 20
177 1552 339 1596 autem
365 1553 421 1596 ut
440 1554 513 1596 est
538 1548 730 1597 ‘uideor
756 1547 876 1596 mihi
902 1548 1076 1597 uidere
1102 1548 1229 1597 hanc
1255 1548 1431 1598 urbem
1460 1548 1622 1597 lucem
1652 1547 1787 1596 orbis

175 1624 421 1667 terrarum
466 1633 631 1667 arcem
678 1619 898 1667 omnium
944 1619 1161 1681 gentium
1206 1618 1370 1668 subito
1412 1634 1511 1667 uno
1556 1618 1785 1667 incendio

177 1688 554 1738 concidentem'.
619 1703 706 1752 spe
733 1702 929 1754 quoque
956 1690 1107 1737 animi
1140 1687 1534 1754 perturbantur>
1561 1703 1670 1737 cum
1701 1688 1785 1737 be-

176 1758 350 1807 neficia
389 1764 471 1806 aut
506 1757 742 1822 obsequia
777 1759 1145 1822 promittuntur,
1182 1765 1235 1808 ut
1270 1775 1381 1808 cum
1418 1758 1565 1807 fidem
1591 1757 1785 1807 Milonis

174 1827 410 1892 Pompeio
439 1827 700 1891 pollicetur
736 1833 783 1877 et
810 1827 976 1879 ‘Caelii
1003 1831 1053 1877 in
1092 1831 1226 1878 omni
1265 1831 1365 1878 uita
1401 1829 1658 1878 seruitium
1696 1829 1784 1878 ob-

112 1909 153 1943 25
178 1900 399 1946 strictum
430 1897 571 1947 uobis
598 1914 654 1947 ac
681 1897 847 1948 liberis
874 1900 1057 1949 uestris
1083 1898 1364 1949 habebitis’.
1421 1901 1495 1949 ira
1524 1900 1669 1948 etiam
1696 1915 1781 1949 ue-

1817 1350 1900 1391 505

176 1967 433 2017 hementer
481 1969 669 2017 animos
715 1968 919 2025 turbats
951 1977 1005 2018 ut
1051 1985 1161 2019 cum
1211 1976 1473 2034 exaggerat
1511 1970 1699 2019 Tullius
1737 1978 1783 2020 et
1801 1976 1936 2019 1646

178 2036 415 2087 exclamat
439 2039 488 2086 in
509 2039 643 2088 curia
669 2039 842 2088 sedere
869 2040 1027 2089 socios
1045 2039 1280 2090 Catilinae
1307 2045 1355 2089 ‘o
1379 2041 1443 2089 dii
1468 2042 1783 2092 inmortales!

289 2194 310 2231 1
333 2193 371 2231 V
393 2193 416 2241 ξ
442 2195 520 2234 118
569 2190 588 2248 Η
635 2196 658 2234 7
684 2192 779 2236 Cic.
796 2194 925 2235 Verr.
943 2194 1048 2235 Act.
1068 2196 1091 2236 I
1113 2196 1137 2244 ἓ
1159 2197 1213 2236 42
1250 2193 1271 2249 Η
1324 2198 1374 2237 10
1395 2197 1523 2237 Verr.
1543 2198 1614 2238 III
1635 2198 1660 2247 ξ
1683 2200 1707 2238 7
1747 2195 1754 2248 I

175 2248 227 2288 13
258 2247 364 2290 ibid.
388 2250 411 2297 ξ
434 2251 459 2289 9
500 2246 518 2303 ΙΙ
558 2252 609 2291 18
640 2251 771 2291 Verr.
792 2251 893 2291 Aet.
925 2252 946 2291 I
976 2252 1000 2300 ξ
1022 2253 1074 2291 47
1113 2248 1132 2304 11
1173 2254 1227 2292 20
1258 2252 1304 2291 In
1328 2251 1468 2295 Catil.
1501 2254 1595 2293 IIII
1618 2255 1641 2302 ξ
1667 2256 1716 2293 11
1746 2252 1752 2307 Ι

173 2305 228 2344 24
258 2305 443 2347 secund.
467 2319 530 2348 or.
553 2320 595 2358 p.
621 2306 750 2349 Cael.
778 2308 802 2356 ἓ
825 2309 879 2355 80
927 2305 946 2361 ΙΙ
993 2310 1046 2349 27
1080 2307 1219 2348 Catil.
1242 2309 1266 2348 I
1294 2310 1317 2358 ς’
1341 2311 1365 2348 9

288 2446 310 2483 1
350 2449 506 2497 patres
547 2446 614 2485 hii
645 2459 756 2498 quos
786 2447 834 2486 ui
873 2445 1020 2487 DIIA.
1054 2447 1122 2497 (ia
1154 2448 1212 2500 R)
1244 2449 1280 2491 I.
1314 2450 1366 2488 L.
1401 2462 1441 2502 p.
1477 2459 1531 2488 m.
1567 2462 1607 2491 a.
1651 2461 1693 2500 q.
1727 2459 1784 2493 m.

172 2511 214 2551 p.
259 2512 331 2540 an.
373 2513 437 2540 os.
471 2500 602 2544 CaR.
644 2503 736 2543 aB.
770 2502 938 2545 CONS.
978 2504 1073 2543 LL.
1110 2502 1190 2555 (IL
1221 2504 1276 2556 R)
1319 2519 1388 2547 eX.
1421 2518 1460 2557 q:
1495 2505 1624 2547 nihil.
1669 2519 1709 2545 a.
1743 2519 1784 2548 o.

174 2555 216 2606 (c
248 2555 302 2607 R)
349 2556 464 2596 nihil
495 2569 523 2595 u
555 2558 590 2596 F
624 2557 667 2598 S.
701 2562 819 2610 post.
853 2571 903 2610 sp
937 2571 962 2599 o
996 2559 1039 2610 (c
1070 2559 1126 2612 R)
1164 2558 1254 2603 ΕΧ,
1288 2561 1339 2601 L.
1380 2561 1462 2601 BR
1523 2557 1543 2614 Η
1606 2561 1784 2602 iudices

172 2624 249 2651 om.
273 2612 371 2652 libri
393 2613 478 2654 Cic.
518 2609 536 2665 ΙΙ
572 2613 729 2653 limine
760 2615 904 2666 primo
935 2617 1075 2667 suppl.
1097 2617 1241 2659 Halm.
1274 2617 1430 2656 limine
1454 2618 1553 2669 ipso
1584 2619 1784 2670 palimps.

179 2667 278 2709 Vat.
296 2669 574 2708 Verrinarum
598 2669 756 2709 limine
771 2673 864 2710 rell.
884 2672 1007 2713 codd.
1024 2671 1106 2711 Cic.
1137 2668 1155 2724 ΙΙ
1184 2673 1209 2711 8
1242 2673 1490 2713 arbitretur
1512 2673 1610 2714 libri
1631 2673 1715 2717 Cic.
1746 2671 1766 2728 Η

174 2725 225 2763 17
247 2728 417 2763 metum
439 2725 480 2764 B
510 2729 633 2765 metu
651 2726 717 2765 bD
752 2723 770 2779 Η
807 2727 1028 2766 excitaris
1048 2729 1206 2780 scripsi
1237 2729 1433 2768 excitari
1451 2728 1535 2768 BD
1566 2727 1584 2784 ΙΙ
1619 2732 1674 2771 20
1703 2743 1783 2770 ue-

173 2777 281 2819 dere
302 2781 343 2819 D
381 2777 403 2835 Π
439 2782 494 2821 26
524 2782 764 2834 perturbat
786 2782 809 2822 b
857 2780 875 2836 Η
924 2785 976 2823 27
1010 2783 1101 2822 odii
1132 2785 1314 2827 inmort.
1337 2786 1391 2826 V.
1417 2785 1534 2828 BIN.
1567 2785 1620 2826 G.
1656 2786 1704 2827 S.
1727 2787 1783 2836 Q.

172 2832 224 2874 R.
242 2835 292 2875 P.
315 2836 454 2876 HaB.
489 2838 535 2877 in
558 2850 649 2889 qua
670 2838 769 2878 urb:
802 2839 996 2878 uiuimus
1028 2839 1206 2881 hichics
1231 2842 1306 2884 .N.
1329 2842 1366 2883 Ι.
1398 2854 1549 2894 nump.
1575 2855 1613 2886 c.
1637 2842 1718 2883 BR
1746 2840 1765 2897 Η
