1982 3230
732 70 917 112 Lmen
946 70 1011 114 V1
1575 66 1680 120 223

70 213 233 264 uicina
259 213 523 278 Magnesia,
553 212 691 261 cuius
716 211 828 260 fons
857 217 930 261 est
954 210 1205 262 Libethris
1231 210 1448 277 <poetici
1474 210 1678 261 haustus

67 286 269 334 nomine
297 282 590 334 celebratus.
630 281 886 346 longitudo
913 281 1197 332 Thessaliae
1223 281 1374 332 habet
1398 279 1531 339 milia
1556 297 1676 348 qua-

69 355 328 418 dringenta
354 353 634 416 nonaginta,
662 350 869 402 latitudo
897 352 1110 402 ducenta
1138 354 1404 416 nonaginta
1430 358 1638 418 septem.

204 423 487 474 Macedonia
522 428 696 487 postea
732 428 931 472 centum
969 423 1328 487 quinquaginta
1375 422 1675 488 populorum
1706 437 1798 479 655

20 508 42 542 5
63 495 286 545 maximis
333 493 537 558 regibus
583 491 750 542 inclita
795 494 1186 558 praesertimque
1234 492 1542 551 Alexandro,
1591 495 1677 560 qui

62 564 289 629 Philippo
317 578 428 614 cum
463 569 608 612 natus
636 563 941 620 crederetur,
970 563 1074 613 eius
1101 568 1259 612 mater
1286 561 1536 628 Olympias
1563 564 1676 615 dra-

63 649 188 685 cone
213 650 324 684 eum
354 639 650 698 conceptum
678 647 785 683 esse
811 632 1134 683 memorabat.
1183 634 1346 682 uictor
1371 633 1533 683 orbis:
1560 649 1673 684 nam

60 704 255 755 easdem
282 705 641 770 peragrationis
667 711 715 753 et
739 705 979 754 uictoriae
1007 709 1164 754 metas
1190 703 1363 753 habuit
1381 718 1505 770 quas
1526 703 1676 754 Liber

60 781 108 825 et
132 774 388 826 Hercules,
424 836 427 837 7
464 775 587 824 haec
623 780 788 824 tamen
816 774 1102 824 Macedonia
1128 773 1360 840 populoS‚
1390 776 1475 840 qui
1500 774 1676 824 Edonii

0 860 36 894 ιο
59 845 349 896 dicebantur
394 851 646 911 totamque
682 845 995 910 Mygdoniam
1040 845 1252 895 Pieriam
1295 845 1674 911 Emathiamque

56 917 244 982 recepit
269 918 319 966 in
346 931 543 967 nomen.
621 915 743 965 haec
778 918 828 965 in
854 916 1126 965 Thracium
1162 915 1367 965 limitem
1403 918 1672 966 terminum

57 987 203 1037 ducit.
257 1002 283 1036 a
314 987 520 1037 meridie
547 986 765 1050 Epirotis
790 985 1054 1042 habitatur,
1084 1000 1111 1034 a
1138 1001 1351 1051 uespera
1378 1002 1405 1037 a
1431 987 1674 1037 Dardanis

57 1064 104 1107 et
129 1056 329 1122 Illyriis,
371 1074 397 1107 a
424 1058 765 1122 septentrione
790 1056 1127 1121 Paphlagonia
1164 1072 1222 1106 ac
1247 1057 1477 1107 Paeonia.
1541 1059 1673 1107 inter

56 1128 211 1193 ipsam
240 1135 288 1178 et
306 1127 569 1178 Thraciam
596 1129 755 1177 amnis
776 1128 1007 1192 Strymon
1028 1142 1119 1191 pro
1145 1126 1298 1177 limite
1326 1134 1400 1177 est
1419 1127 1481 1178 ab
1499 1128 1672 1178 Haemi

0 1212 33 1246 [5
55 1199 239 1247 montis
274 1200 462 1248 uertice
498 1198 738 1248 dessuenS.
815 1199 863 1247 in
893 1213 947 1247 ea
975 1196 1233 1262 Rhodope,
1262 1198 1449 1265 quem>
1473 1198 1671 1264 Mycdo·

54 1270 191 1318 nium
231 1275 456 1319 asserunt
488 1275 732 1325 montem,
782 1274 831 1317 et
865 1268 1019 1316 Athos
1055 1267 1300 1318 abscissus
1335 1284 1362 1317 a
1398 1270 1672 1319 continenti

54 1338 217 1388 Xerxe
243 1339 435 1390 uiribus
460 1345 631 1389 utente
658 1338 923 1388 Persarum
943 1378 956 1395 ‚
986 1344 1033 1386 et
1061 1337 1339 1388 Orestidem
1367 1344 1579 1397 terram,
1607 1339 1669 1388 ab

54 1407 243 1459 Orestis
271 1415 318 1459 et
342 1409 626 1466 Hermionis
652 1408 755 1458 filio
782 1424 927 1474 quam
966 1410 1176 1458 uocitari
1211 1425 1311 1458 non
1350 1409 1554 1459 dubium
1583 1418 1668 1459 est.

53 1478 124 1528 ibi
149 1479 359 1545 Phlegra
400 1495 533 1530 nunc
572 1480 770 1535 ciuitas,
807 1485 928 1529 tunc
964 1478 1230 1542 Gigantum
1264 1479 1670 1546 proeliorumque

0 1565 32 1599 io
52 1550 340 1600 immanium
384 1552 662 1602 temeritate
708 1550 912 1600 famosa.
989 1565 1115 1616 quae
1151 1549 1254 1600 sola
1303 1552 1449 1600 etiam
1486 1551 1669 1601 diluuio

163 1720 188 1770 ἓ
232 1721 315 1762 655
361 1734 416 1762 ex
454 1720 606 1761 Plinio
637 1720 733 1762 IIII
763 1722 817 1761 33
866 1723 911 1760 et
940 1718 1097 1760 Solino
1137 1732 1180 1772 p.
1225 1721 1293 1772 73,
1327 1721 1499 1773 20—p.
1543 1721 1608 1769 74,
1641 1723 1668 1762 6

51 1788 94 1829 p.
126 1777 196 1826 69,
221 1778 346 1817 19-
364 1791 406 1830 p.
429 1779 496 1827 71,
523 1777 575 1817 18

167 1933 189 1970 1
223 1931 496 1985 magnaesia
526 1932 569 1971 B
601 1929 616 1986 Η
664 1931 843 1972 libetris
874 1930 956 1971 BR
1072 1932 1258 1983 poeteci
1285 1930 1389 1971 B¹D
1438 1928 1458 1985 [Ι
1508 1934 1667 1972 austus

50 1987 92 2027 B
121 1984 140 2042 Η
175 1990 199 2028 2
223 1988 450 2029 thesaliae
470 1989 509 2028 D
537 1986 556 2042 Η
585 1987 894 2041 quadraginta.
916 1985 975 2027 B¹
1059 1989 1085 2028 3
1106 1986 1303 2028 latitudo
1326 1986 1669 2029 CCLXXXVII

49 2044 225 2084 milium
254 2045 419 2085 Plinius
465 2042 485 2098 Η
534 2047 560 2085 5
590 2044 767 2096 inclyta
795 2043 839 2083 B
886 2040 906 2097 ss
955 2046 980 2084 6
1011 2056 1039 2083 a
1071 2043 1277 2097 philippo
1308 2044 1332 2084 b
1380 2040 1402 2098 Η
1450 2043 1666 2098 olimpias

50 2099 136 2139 BD
174 2097 194 2154 [Ι
238 2099 517 2142 draconeum
538 2101 623 2141 BD
658 2097 678 2155 l]
720 2102 772 2141 10
801 2099 1078 2141 micdoniam
1099 2099 1141 2139 B
1171 2106 1213 2141 ec
1233 2114 1348 2141 corr.
1373 2113 1432 2141 ex
1451 2101 1667 2142 macedo-

49 2157 173 2196 niam
203 2157 244 2196 D
293 2155 312 2211 ΙΙ
361 2158 669 2210 ematiamque
700 2156 743 2196 B
776 2156 1117 2210 emathiamque
1149 2158 1173 2197 b
1205 2157 1537 2210 emiatiamque
1559 2158 1600 2196 D
1653 2155 1667 2209 Η

51 2213 101 2253 11
134 2214 315 2266 recepit
334 2213 420 2254 BD
453 2214 620 2267 recipit
650 2214 674 2254 b
713 2210 734 2267 Η
784 2216 983 2253 tractum
1003 2212 1047 2253 B
1077 2214 1275 2254 tracium
1305 2213 1371 2254 bR
1418 2210 1437 2267 Η
1487 2215 1539 2254 12
1570 2226 1664 2253 me-

48 2268 231 2310 ridiana
263 2271 453 2323 epirotis
484 2284 600 2312 corr.
630 2272 674 2310 in
704 2269 930 2311 meridiae
965 2270 1022 2310 ab
1056 2270 1248 2323 epirotis
1277 2269 1344 2309 B.-
1382 2271 1536 2310 deinde
1564 2274 1665 2310 ante

49 2325 270 2366 meridiae
301 2328 403 2368 add.
438 2341 466 2367 a
504 2333 547 2367 et
573 2339 710 2378 supra
737 2328 911 2378 scripsit
942 2324 993 2366 al
1021 2325 1278 2367 meridiana
1308 2326 1475 2379 pffrotis
1506 2325 1531 2365 b
1569 2338 1664 2365 me·

48 2380 165 2421 ridie
189 2382 380 2434 epirotis
401 2384 442 2423 D
476 2380 495 2437 ΙΙ
538 2385 588 2424 13
618 2383 785 2423 inliriis
806 2382 848 2421 B
879 2381 1035 2422 illiriis
1056 2383 1124 2423 bD
1163 2379 1182 2436 Η
1222 2382 1556 2435 septemtrione
1577 2381 1622 2420 B
1650 2385 1665 2429 ΙΙ

48 2437 335 2490 paplagonia
364 2438 407 2477 B
454 2439 724 2493 paflagonia
755 2438 823 2478 bD
876 2437 1136 2491 Pelagonia
1167 2438 1337 2479 Solinus
1368 2439 1426 2490 cf.
1466 2439 1665 2479 Valesius

49 2494 109 2534 ad
127 2494 262 2534 Amm.
286 2494 429 2534 Mare.
450 2495 647 2535 XXVII
667 2497 734 2542 12,
758 2496 784 2533 9
825 2490 844 2548 Η
882 2495 1051 2547 poenia
1072 2494 1157 2534 BD
1187 2496 1358 2548 peonio.
1379 2495 1403 2534 b
1494 2495 1548 2534 14
1568 2496 1663 2535 tra·

48 2549 161 2591 tiam
191 2551 232 2590 D
262 2551 460 2591 traciam
482 2550 525 2590 B
573 2549 593 2604 ΙΙ
641 2550 832 2591 strimon
858 2551 900 2590 D
948 2547 968 2604 ΙΙ
1017 2551 1137 2591 aemi
1169 2552 1206 2591 D
1238 2551 1326 2591 emi
1346 2550 1389 2590 B
1507 2551 1560 2590 15
1591 2562 1663 2591 ro·

51 2605 168 2659 dope
196 2605 239 2646 B
277 2603 297 2660 ΙΙ
343 2607 633 2659 mycdonium
666 2607 701 2646 R
729 2606 1006 2647 micdonium
1027 2607 1070 2646 B
1107 2607 1388 2660 Mygdonum
1417 2606 1588 2647 Solinus

53 2662 106 2702 16
138 2666 240 2704 atos
259 2661 319 2703 B¹
359 2661 379 2717 Η
429 2664 638 2704 abscisus
658 2662 740 2703 BR
777 2658 797 2716 Η
846 2663 898 2703 17
930 2675 1062 2704 serxe
1089 2663 1172 2703 BR
1200 2676 1339 2704 xerxe
1371 2663 1395 2703 b
1429 2675 1531 2703 erse
1561 2676 1587 2702 r

53 2718 298 2759 orestidam
327 2718 388 2759 B¹
421 2718 708 2773 (accusatiuns
738 2719 855 2771 apud
885 2719 1073 2759 Solinum
1102 2733 1148 2771 p.
1182 2722 1249 2770 70,
1282 2722 1339 2759 14
1370 2719 1453 2770 est)
1501 2715 1522 2773 Η
1557 2718 1660 2759 her-

58 2774 199 2815 mioni
225 2773 288 2815 B1
337 2774 356 2829 Η
403 2779 611 2818 inductum
642 2785 778 2829 quam
808 2776 852 2815 in
872 2774 915 2814 B
963 2773 983 2829 ΙΙ
1040 2777 1092 2816 19
1123 2776 1266 2829 flegra
1295 2775 1379 2816 BR
1426 2773 1446 2830 Η
1494 2788 1577 2817 non
1607 2777 1662 2816 de

55 2829 242 2883 Phleyra
261 2832 366 2873 Ilaec
395 2835 512 2886 apud
529 2834 617 2875 Sol.
641 2835 838 2875 dicuntur
858 2831 920 2885 (p.
948 2834 1013 2885 71,
1038 2831 1109 2885 17)
1159 2830 1180 2885 Η
