1982 3230
314 117 582 158 XXXXHII
639 114 986 156 PRAEFATIO
1017 114 1082 155 IN
1111 113 1479 156 MARTIANVM
1511 112 1842 156 GAPELLAM
1865 79 1898 93 Ἰ
1943 102 1946 109 ²
1970 150 1975 152 γ

317 259 427 293 eum
463 258 602 292 more
638 257 726 290 suo
753 246 922 290 noster
957 241 1190 303 pinguius
1227 240 1447 303 depinxit
1471 255 1534 290 ne
1571 243 1780 305 compita
1817 242 1924 307 qui-

317 329 428 378 dem
463 326 523 375 ab
561 326 652 374 hac
695 327 810 374 idea
846 324 1020 373 mundi
1059 324 1214 374 aliena
1252 330 1403 373 ratus,
1479 324 1540 374 de
1575 340 1672 375 ouo
1709 325 1927 391 Orphico

315 418 479 461 autem
514 411 630 459 satis
668 416 741 459 est
778 409 837 458 ad
874 408 1174 459 Lobeckium
1215 407 1592 473 (Aglaophamil
1628 424 1677 474 p.
1701 407 1809 460 474
1831 408 1923 476 sq.)

314 509 607 560 prouocare.
673 509 847 543 uerum
897 501 947 542 ut
982 493 1104 543 haec
1142 500 1274 543 certa
1309 493 1540 542 uidentur
1583 494 1648 544 ita
1682 495 1928 545 incertum

316 580 406 628 erit
441 579 671 628 iudicium
711 578 771 627 de
808 585 1032 634 auctore,
1071 593 1129 627 ex
1167 593 1263 641 quo
1289 577 1557 627 Martianus
1591 593 1686 627 ouo
1722 577 1805 627 illo
1842 576 1927 627 ab·

313 678 431 712 usus
468 678 554 712 sua
590 663 832 718 hauserit;
875 661 1090 727 Orphica
1128 663 1258 710 enim
1287 662 1390 726 ipsa
1427 661 1486 710 ab
1526 677 1583 711 eo
1609 661 1824 712 lectitata
1850 662 1926 712 fu-

313 749 411 797 isse
446 762 622 811 parum
659 746 916 811 probabile
953 753 1042 796 est.
1121 761 1280 810 neque
1323 752 1492 795 tamen
1529 746 1705 796 desunt
1749 745 1928 796 iudicia

315 830 492 895 quibus
527 831 787 880 adducaris
812 836 866 880 ut
893 846 1003 880 eum
1033 830 1274 894 Orphicas
1301 830 1549 880 doctrinas
1576 831 1793 894 attigisse
1821 845 1928 880 cre·
1957 869 1964 875 .

316 917 425 973 daS,
462 931 610 981 quem
638 918 754 965 satis
788 917 839 964 ni
864 915 1006 964 fallor
1041 913 1304 964 luculentis
1340 915 1573 980 exemplis
1606 913 1928 980 principalem

313 1001 539 1050 Martiani
575 1005 827 1050 auctorem
862 1000 1010 1048 fuisse
1039 999 1511 1056 demonstrauimus,
1549 1000 1611 1048 M.
1641 999 1928 1050 Terentium

314 1086 606 1134 Varronem.
671 1083 803 1146 quod
843 1084 972 1131 enim
998 1082 1274 1132 Lobeckius
1302 1082 1366 1148 (p.
1396 1081 1516 1147 476)
1555 1098 1704 1132 ouum
1733 1098 1928 1132 cosmo-

315 1170 547 1232 gonicum
607 1167 818 1232 appellat
867 1167 1037 1216 mundi
1100 1167 1491 1231 uulgatissimam
1542 1166 1927 1224 similitudinem,

317 1254 515 1302 omnino
552 1258 651 1300 tam
689 1250 886 1313 uulgata
913 1252 1032 1299 mihi
1069 1251 1151 1300 illa
1177 1250 1444 1300 similitudo
1481 1266 1581 1300 non
1617 1251 1816 1301 uidetur
1841 1267 1928 1301 ne·

317 1352 412 1400 que
451 1335 653 1399 Orphici
686 1335 815 1384 intra
843 1335 987 1384 huius
1024 1334 1352 1384 similitudinis
1388 1335 1511 1384 fines
1546 1350 1599 1384 se
1640 1337 1930 1386 continuere

317 1422 499 1487 quippe
538 1421 619 1484 qui
646 1434 793 1468 ouum
821 1418 939 1467 illud
964 1419 1126 1468 ideam
1155 1420 1299 1468 etiam
1329 1419 1498 1468 mundi
1521 1434 1625 1468 esse
1661 1418 1926 1469 uoluerint.

317 1505 516 1554 omnino
551 1518 650 1552 non
686 1510 805 1567 puto
840 1509 992 1552 totam
1029 1518 1135 1552 rem
1171 1518 1197 1551 a
1236 1502 1358 1551 caeli
1393 1509 1655 1568 terraeque
1693 1504 1931 1569 adspectu

318 1589 575 1639 deductam
603 1587 754 1637 fuisse
782 1589 1011 1651 quoniam
1041 1588 1109 1636 eis
1129 1587 1435 1651 temporibus
1462 1587 1641 1652 quibus
1669 1572 1930 1651 theogonia

319 1673 532 1736 Orphica
558 1672 836 1736 fingebatur
863 1678 998 1722 terra
1025 1670 1308 1720 hominibus
1336 1671 1470 1720 disco
1499 1687 1644 1735 quam
1671 1671 1839 1722 uitello
1865 1673 1931 1722 si-

317 1757 479 1806 milior
508 1756 781 1811 uidebatur,
809 1757 894 1806 sed
921 1756 1162 1804 mundum
1191 1755 1412 1804 nondum
1436 1755 1712 1819 perfectum
1733 1771 1930 1821 compa-

318 1841 494 1890 rabant
525 1857 637 1891 cum
669 1856 764 1890 ouo
788 1843 840 1889 in
863 1856 960 1904 quo
988 1841 1371 1906 praeformatam
1392 1839 1626 1889 uidebant
1647 1841 1930 1890 uniuersam

318 1924 541 1974 animalis
568 1927 733 1974 uitam.
763 1932 981 1975 ceterum
1009 1926 1171 1974 sciens
1192 1926 1528 1987 praetermitto
1555 1939 1678 1988 quae
1691 1925 1931 1975 Bachofe-

318 2008 926 2074 nus(Graebersymb0lz'lc)
949 2009 1009 2058 de
1035 2007 1117 2056 illo
1145 2024 1240 2057 ouo
1268 2005 1400 2072 p.20
1411 2023 1483 2071 sq.
1508 2014 1555 2058 et
1575 2007 1690 2057 alibi
1711 2009 1928 2073 disputa-

317 2094 404 2141 uit.
442 2094 481 2141 is
508 2093 611 2155 ipse
639 2098 801 2140 autem
828 2093 1061 2140 Varronis
1087 2091 1226 2141 locus
1252 2107 1348 2157 quo
1386 2092 1442 2140 ad
1472 2094 1765 2141 sententiam
1792 2108 1931 2143 suam

319 2176 705 2225 confirmandam
728 2176 1002 2225 Loheckius
1029 2178 1179 2225 utitur
1206 2191 1265 2224 ex
1291 2175 1588 2239 logistoricis
1618 2175 1709 2241 (ed.
1731 2177 1928 2241 Bipont.

316 2275 364 2324 p.
394 2258 512 2324 318>
567 2259 777 2308 ‘caelum
805 2266 879 2309 est
916 2265 1063 2316 testa,
1105 2260 1221 2308 item
1247 2259 1472 2309 uitellum
1498 2265 1657 2319 terra,
1692 2261 1822 2310 inter
1847 2260 1932 2311 illa

318 2344 415 2392 duo
465 2344 644 2392 humor
695 2346 832 2408 quasi
881 2345 930 2391 in
980 2345 1139 2392 sinum
1181 2343 1344 2392 clusus
1389 2345 1493 2392 aeri
1537 2345 1586 2392 in
1632 2359 1728 2408 quo
1774 2343 1927 2394 calor'

319 2427 618 2489 (emendauit
666 2426 828 2476 locum
882 2428 1168 2476 Krahnerus
1214 2428 1274 2476 de
1326 2427 1443 2491 phil.
1482 2429 1716 2478 Varronis
1760 2444 1807 2493 p.
1846 2426 1928 2494 18)

317 2513 590 2560 Varronem
609 2511 824 2574 Orphica
852 2511 1081 2574 adtigisse
1109 2511 1228 2559 mihi
1255 2511 1435 2575 probat
1461 2519 1775 2577 comparatus
1801 2511 1930 2562 scili-

320 2602 397 2644 cet
434 2611 545 2644 cum
581 2595 799 2644 Senecae
835 2596 893 2644 de
919 2597 1138 2644 Varrone
1177 2597 1454 2644 testimonio
1492 2596 1682 2662 (fragm.
1711 2597 1817 2661 Bip.
1844 2595 1928 2661 ih.)

321 2684 447 2743 ‘quo
482 2680 628 2728 modo
665 2685 826 2744 potest
861 2678 1071 2728 mundus
1109 2694 1216 2728 esse
1252 2685 1307 2728 ut
1342 2681 1406 2728 ait
1443 2682 1595 2730 Varro
1631 2682 1737 2730 sine
1775 2681 1932 2745 capite

321 2763 423 2811 sine
444 2765 750 2827 praeputio’3
778 2764 901 2812 haec
925 2763 1054 2812 enim
1083 2762 1223 2812 aliter
1251 2763 1482 2827 explicari
1509 2763 1653 2828 plane
1679 2769 1931 2829 nequeunt

322 2861 466 2909 quam
495 2854 547 2896 ut
572 2851 840 2897 Varronem
869 2853 1010 2911 putes
1038 2846 1303 2911 Orphicam
1331 2847 1391 2896 de
1418 2863 1756 2898 macrocosmo
1784 2862 1931 2912 quem
