1982 3230
342 131 447 182 194
818 132 1118 175 MARTIANI
1147 132 1467 175 CAPELLAE

907 466 941 534 <
963 466 1223 528 LIBER
1266 467 1362 529 VI

760 669 886 736 DE
941 669 1494 739 GEOMETRIA

1622 823 1658 837 l

189 843 321 942 1396}
413 873 577 935 ‘Virgo
604 880 792 923 armata
818 875 1013 931 decens,
1042 890 1209 924 rerum
1237 876 1472 940 sapientia
1498 874 1659 925 Pallas

412 942 659 992 aetherius
684 944 840 993 fomes
867 959 1021 1000 menS,
1051 951 1098 994 et
1123 944 1336 994 sollertia
1362 946 1462 1002 fati,

361 1018 363 1020 ’
412 1014 664 1074 ingenium
690 1013 876 1070 mundi,
904 1015 1163 1077 prudentia
1186 1029 1325 1063 sacra
1351 1015 1604 1071 Tonantis,

413 1083 562 1131 ardor
589 1083 839 1133 doctificus
866 1089 1163 1148 nostraeque
1190 1084 1427 1133 industria
1454 1086 1599 1132 sortis

415 1167 539 1216 quae
565 1154 686 1201 facis
713 1153 970 1203 arbitrium
997 1155 1231 1219 sapientis
1257 1155 1458 1218 praeuia
1488 1168 1634 1203 curae

414 1237 470 1271 ac
496 1223 699 1272 rationis
727 1237 851 1286 apex
879 1223 1146 1288 diuumque
1172 1224 1527 1288 hominumque
1555 1238 1694 1273 sacer
1721 1224 1867 1281 νοῦε,

411 1291 539 1341 ultra
567 1299 705 1355 terga
731 1307 901 1342 means
927 1293 1086 1357 rapidi
1113 1309 1168 1342 ac
1194 1293 1500 1357 splendentis
1528 1293 1733 1358 Olympi,

412 1360 589 1411 celsior
614 1377 712 1411 una
737 1362 870 1418 Ioue,
898 1363 1193 1411 flammantis
1223 1362 1435 1412 circulus
1462 1363 1659 1412 aethrae
1961 1378 1982 1406 1η

412 1429 574 1481 ἑπτὰε
599 1433 649 1479 in
678 1434 910 1488 numeriS,
938 1434 1075 1497 prior
1102 1434 1218 1496 igni,
1249 1434 1387 1482 tertia
1416 1433 1569 1490 Luna,

414 1517 560 1565 quam
588 1501 730 1550 docto
758 1501 1025 1551 assimilant
1050 1502 1218 1551 habitu
1246 1503 1330 1567 qui
1357 1503 1595 1566 agalmata
1623 1501 1899 1568 formantz>

227 1583 310 1624 568
412 1571 528 1619 hinc
555 1586 667 1620 nam
693 1573 997 1635 tergeminae
1025 1571 1228 1620 rutilant
1254 1572 1314 1620 de
1340 1574 1527 1621 uertice
1554 1573 1730 1621 cristae

413 1640 544 1704 quod
570 1640 668 1690 dux
693 1643 960 1704 sanguineo
987 1641 1281 1705 praesulque
1308 1657 1513 1691 corusca
1539 1640 1716 1699 duello,

410 1710 492 1760 uel
518 1709 607 1759 tibi
633 1710 766 1775 quod
792 1710 944 1774 fulget
969 1713 1256 1776 rapiturque
1282 1710 1556 1775 triangulus
1581 1712 1731 1774 ignis:
1961 1724 1978 1753 1

227 1786 310 1826 569
411 1781 526 1829 hinc
551 1779 639 1829 tibi
665 1779 782 1831 dant
807 1781 1033 1846 clipeum,
1062 1782 1296 1845 sapientia
1324 1781 1454 1844 quod
1480 1786 1620 1843 regat
1645 1780 1832 1838 orbem,

410 1850 491 1899 uel
517 1851 723 1900 rationis
753 1866 896 1916 opem
925 1852 1055 1915 quod
1082 1866 1284 1915 spumea
1311 1851 1498 1915 proelia
1524 1857 1744 1916 poscant,

410 1921 549 1970 hasta
576 1922 723 1969 etiam
748 1920 951 1970 uibrans
977 1920 1282 1985 penetrabile
1308 1926 1550 1970 monstrat
1574 1935 1796 1976 acumen,

412 1990 774 2056 Lymphaseum
801 1992 956 2055 magis
984 1997 1057 2040 est
1084 1997 1132 2040 et
1157 1996 1352 2057 scutum
1379 1989 1594 2040 circulus
1620 1989 1796 2040 ambit:

227 2071 310 2112 570
409 2059 526 2108 hinc
551 2061 647 2108 iam
673 2062 988 2110 uernicomae
1014 2061 1245 2109 frondent
1269 2060 1354 2109 tibi
1380 2076 1586 2110 munera
1613 2059 1786 2117 oliuae,
1960 2069 1982 2101 2

411 2136 541 2177 artes
568 2145 683 2178 cura
711 2129 828 2193 uigil
853 2144 944 2193 per
969 2135 1017 2179 te
1044 2130 1175 2192 quod
1203 2130 1358 2178 discat
1384 2130 1540 2186 oliuo;

228 2211 308 2251 571
412 2198 635 2261 glaucam
661 2199 776 2247 dant
800 2198 1053 2248 uolucrem
1082 2199 1211 2261 quod
1240 2199 1423 2247 lumina
1450 2199 1682 2254 concolor
1707 2200 1808 2263 igni
1835 2213 1902 2256 eS,

412 2275 563 2333 tuque
588 2270 718 2332 ignis
743 2269 832 2317 flos
861 2285 911 2318 es
937 2269 1057 2317 cluis
1084 2274 1131 2317 et
1154 2269 1459 2328 γλαυκῶπις
1485 2267 1687 2331 Ἀθήνη.

412 2354 475 2388 an
500 2353 642 2402 mage
667 2338 945 2387 noctiuidae
971 2338 1058 2386 tibi
1087 2339 1293 2387 traditur
1320 2338 1446 2386 alitis
1471 2353 1589 2387 usus

413 2409 541 2472 quod
568 2407 684 2472 uigil
710 2409 960 2458 insomnes
982 2409 1126 2458 ducat
1153 2407 1367 2457 sollertia
1396 2409 1568 2457 curas?

337 2519 516 2527 ———-.-

452 2591 682 2632 INCIPIT
711 2590 794 2630 DE
821 2589 1180 2630 GEOMETRIA
1211 2588 1628 2640 (GEOMETRICA
1647 2589 1705 2640 D)
1736 2589 1849 2630 LIB.
1871 2590 1936 2631 VI

339 2646 682 2688 FELICITER.
713 2647 961 2697 inscriptum
989 2648 1033 2686 in
1052 2646 1136 2685 BD
1174 2642 1195 2699 [Ι
1233 2646 1259 2685 8
1289 2657 1373 2685 nus
1394 2645 1479 2685 BD
1516 2641 1536 2698 l}
1576 2645 1626 2684 11
1660 2645 1798 2684 etitas
1818 2646 1859 2684 D
1895 2642 1916 2700 Η

339 2700 1099 2811 Jififfiiii‘b‘fffs‘r1ffass't2‘ffsse11⁶³
1117 2698 1515 2808 ffffsssssshff‘ssllffff
1545 2700 1935 2796 {Zrffisssssssss‘ssffu}

338 2811 587 2854 linfaseum
609 2814 646 2854 R
684 2810 704 2867 {l
741 2814 794 2853 22
827 2815 885 2854 ad
905 2813 1021 2865 quod
1041 2770 1140 2867 ᾳᾱξί.
1165 2825 1280 2864 quae
1310 2826 1335 2851 r
1371 2808 1393 2865 Π
1428 2811 1602 2850 lumina
1618 2812 1776 2863 scripsi
1801 2812 1932 2852 lumi-

336 2879 395 2910 ne
418 2869 500 2910 BR
526 2866 546 2923 Η
574 2872 627 2911 23
659 2869 892 2921 claucopis
926 2869 1121 2909 athenae
1143 2868 1224 2909 BR
1262 2864 1280 2921 Η
1319 2868 1374 2907 24
1403 2865 1520 2907 unde
1545 2879 1631 2919 age
1651 2866 1858 2908 Bartkius
1893 2864 1917 2921 ΙῙ
1955 2874 1962 2878 ”
