1982 3230
1626 0 1643 4 ,
1660 0 1982 66 „TWW

294 122 414 179 ,⁴266
789 120 1090 162 MARTIANI
1119 120 1437 162 CAPELLAE
1515 120 1519 122 ’

311 264 631 314 brachiorum
671 267 894 311 contorta
929 261 1118 311 saltatio
1145 263 1231 318 sit,
1260 277 1354 326 qua
1380 263 1432 311 fit
1458 268 1510 311 ut
1543 277 1776 312 numeros
1801 276 1915 326 ger-

311 349 486 384 manae
521 332 862 396 praecedentis
888 332 1059 380 formis
1094 346 1150 380 ac
1185 331 1328 382 lineis
1365 335 1733 383 concinnemus.
1798 348 1913 382 nam

312 404 433 453 mihi
458 404 508 451 in
535 403 695 467 primo
721 417 868 452 uersu
897 417 1094 458 monas,
1121 401 1190 450 illi
1217 403 1267 451 in
1293 404 1432 466 signo
1459 404 1752 467 principium
1782 403 1913 467 quod

310 488 410 523 non
460 473 609 523 habet
644 479 824 537 partes,
899 473 949 520 in
988 472 1205 523 secundo
1253 488 1404 522 uersu
1439 488 1464 521 a
1504 473 1674 523 decem
1720 474 1913 523 numeri

310 543 448 593 uelut
472 543 598 593 linea
626 543 991 593 distenduntur.
1032 544 1082 591 in
1109 544 1252 592 tertio
1277 558 1426 592 uersu
1454 544 1678 608 quadrati
1703 558 1763 593 ex
1799 558 1912 593 cen·
1935 553 1958 586 5

312 621 415 663 tum
441 613 742 678 reliquisque
768 614 916 670 fiunt,
945 629 1070 677 quae
1097 612 1234 663 uelut
1261 612 1460 663 latitudo
1487 615 1674 678 primae
1701 613 1914 678 longitu-

313 685 415 733 dini
451 686 680 734 sociatur.
754 686 804 732 in
843 691 1016 748 quarto
1053 699 1204 733 uersu
1248 686 1346 732 iam
1383 683 1498 733 cubi
1532 690 1667 733 sunt:
1706 684 1816 733 ideo
1855 698 1915 733 ex

136 769 295 816 3245&
315 754 446 804 mille
473 754 774 819 reliquisque
801 754 1033 804 soliditas.
1075 755 1198 803 fines
1218 767 1335 817 ergo
1353 753 1433 804 uel
1458 754 1634 804 limites
1659 754 1778 803 mihi
1803 761 1916 803 sunt

312 841 484 875 monas
521 825 667 875 decas
702 825 987 875 hecatontas
1023 831 1069 874 et
1108 824 1267 880 mille,
1304 826 1606 888 geometriae
1642 839 1763 874 uero
1799 829 1913 874 nota

312 895 440 945 linea
462 896 618 959 figura
638 894 871 944 soliditas,
912 910 1024 944 nam
1054 910 1225 944 monas
1249 896 1315 944 ita
1341 895 1592 944 indiuidua
1613 901 1684 945 est
1708 901 1762 944 ut
1781 899 1911 950 nota,
1938 904 1980 938 1⁰

314 966 459 1015 decas
495 968 543 1014 in
581 966 801 1015 numeris
825 970 879 1014 ut
903 965 1031 1014 linea
1065 964 1382 1029 longitudinis
1419 965 1593 1021 solius,
1630 965 1915 1014 hecatontas

314 1036 598 1099 quadratuS,
629 1037 711 1100 qui
748 1042 822 1085 est
849 1036 1135 1099 superficies
1163 1042 1210 1085 et
1243 1037 1295 1084 in
1322 1035 1678 1098 longitudinem
1704 1034 1915 1084 latitudi-

314 1121 493 1156 nemue
520 1107 769 1155 diuiditur.
845 1107 961 1155 item
990 1106 1135 1156 decas
1161 1121 1250 1170 per
1277 1106 1448 1155 decem
1475 1106 1529 1154 fit
1564 1112 1759 1155 centum
1795 1119 1915 1168 qua·

185 1186 289 1227 ‘747
322 1177 507 1233 dratus,
535 1177 631 1226 hoc
659 1192 746 1240 per
773 1176 946 1225 decem
972 1177 1024 1225 fit
1051 1176 1206 1226 cubus
1233 1175 1379 1225 mille.
1444 1177 1603 1225 omnis
1628 1176 1772 1239 inpar
1798 1189 1913 1238 pro-

311 1263 513 1311 gressus
541 1263 566 1296 a
594 1247 806 1296 monade
833 1262 923 1311 per
950 1246 1165 1310 singulas
1191 1248 1461 1311 positiones
1487 1246 1768 1295 necessario
1795 1259 1913 1308 qua·
1931 1255 1980 1290 15

312 1318 478 1367 dratos
516 1317 680 1366 eflicit.
755 1318 970 1380 primum
1007 1318 1162 1381 ipsam
1199 1316 1476 1371 monadem,
1518 1315 1642 1366 adde
1680 1315 1912 1364 triadem:

310 1388 425 1436 facit
451 1394 694 1452 quattuor.
744 1388 959 1450 primum
988 1387 1295 1451 quadratum,
1325 1387 1544 1435 adsocias
1571 1387 1810 1451 quinque:
1843 1384 1912 1433 fe-

310 1459 419 1506 cisti
443 1458 713 1507 secundum
743 1457 1033 1522 quadratum
1059 1456 1200 1513 VlIIl,
1230 1458 1377 1519 iunge
1404 1456 1511 1504 Vll:
1550 1456 1767 1520 implesti
1793 1469 1911 1518 qua-

311 1528 508 1576 dratum
546 1528 674 1583 XVl,
720 1527 871 1576 adicis
915 1528 1031 1576 item
1078 1542 1258 1576 nouem
1295 1533 1341 1576 et
1383 1527 1580 1590 perticis
1619 1525 1911 1590 quadratum

309 1598 452 1649 XXV.
530 1598 703 1647 eodem
729 1597 876 1646 modo
903 1597 1219 1662 progreditur
1245 1599 1370 1646 ratio
1397 1612 1553 1661 usque
1577 1598 1628 1644 in
1655 1596 1909 1645 infinitum.
1935 1608 1978 1640 20

310 1668 394 1718 sed
432 1668 492 1717 ad
520 1669 748 1733 superius
785 1668 938 1716 diuisa
973 1667 1243 1732 regrediar.
1310 1681 1506 1716 omnem
1542 1681 1806 1715 numerum
1830 1669 1915 1714 aut

310 1753 479 1802 paren]
516 1745 600 1788 aut
634 1740 856 1802 inparem
893 1753 1000 1787 esse
1027 1745 1110 1786 aut
1144 1743 1354 1802 utroque
1380 1738 1533 1792 finiri,
1563 1735 1796 1801 quicquid
1821 1750 1910 1784 nu-

312 1824 448 1858 mero
481 1809 718 1858 adiciatur
744 1810 895 1864 finito,
924 1809 1113 1858 finitum
1142 1808 1280 1863 adici,
1309 1822 1469 1872 neque
1495 1823 1552 1856 ex
1580 1806 1778 1855 infinitis
1805 1806 1915 1855 fini-

311 1886 412 1928 tum
439 1880 547 1929 fieri
572 1894 732 1944 posse.

426 2021 447 2059 1
479 2020 741 2060 braciorum
761 2018 819 2059 Βι
859 2017 878 2074 [1
918 2022 977 2060 ad
1004 2018 1193 2059 saltatio
1223 2018 1367 2060 add}
1398 2018 1502 2059 exal
1533 2019 1555 2058 b
1596 2014 1615 2071 Π
1654 2029 1742 2069 qua
1771 2030 1796 2056 r
1827 2029 1913 2070 que

310 2076 348 2115 R
380 2087 498 2126 quae
521 2075 561 2114 B
593 2087 681 2127 quo
713 2076 736 2115 b
783 2073 802 2129 Η
851 2075 1050 2116 numeris
1071 2074 1171 2116 B¹R
1217 2072 1235 2125 ΙΙ
1284 2077 1309 2115 2
1340 2074 1619 2127 procidentis
1639 2072 1698 2112 B¹
1737 2069 1759 2127 ΙΙ
1807 2085 1914 2114 con-

311 2132 517 2171 cinamus
540 2131 580 2170 B
602 2131 872 2171 concinnem
902 2133 925 2171 b
957 2130 1283 2172 concinnamus
1303 2132 1341 2171 R
1363 2133 1476 2184 quod
1494 2131 1671 2171 correxi
1704 2126 1713 2181 Ῑ
1764 2131 1790 2170 3
1820 2141 1912 2169 mo-

309 2186 453 2227 nades
474 2186 555 2226 BR
575 2200 689 2230 corr.
710 2201 740 2239 p
779 2184 798 2240 11
837 2188 862 2226 6
894 2200 1013 2239 quae
1043 2187 1173 2226 uelut
1193 2209 1246 2215 —
1270 2187 1376 2226 cubi
1405 2190 1509 2226 sunt
1530 2199 1605 2227 om.
1628 2186 1665 2225 R
1701 2182 1709 2239 Ι
1761 2186 1786 2225 7
1809 2184 1914 2236 cybi

310 2243 353 2282 B
392 2241 410 2286 {l
456 2244 482 2284 8
513 2243 723 2283 soliditas
754 2243 777 2283 b
803 2245 963 2296 partim
989 2245 1032 2283 in
1061 2255 1148 2282 ras.
1179 2244 1331 2283 deinde
1360 2244 1536 2282 deletum
1564 2244 1690 2281 sotas
1718 2242 1762 2280 in
1789 2240 1832 2280 B
1863 2238 1915 2281 al

312 2299 545 2339 sociaetas
569 2301 669 2340 add.
691 2299 715 2339 b
747 2300 950 2340 sociatas
970 2300 1008 2339 R
1030 2298 1272 2340 solidiatas
1292 2313 1316 2338 r·
1343 2295 1361 2351 Η
1390 2297 1491 2338 finis
1510 2311 1541 2350 p
1567 2293 1590 2351 ss
1622 2298 1647 2337 9
1669 2301 1709 2337 ec
1733 2298 1783 2336 11
1806 2308 1913 2336 eca-

309 2359 466 2395 tontas
486 2355 568 2396 BR
606 2353 625 2408 Η
665 2358 690 2396 9
722 2356 978 2408 geumetria
1000 2354 1058 2395 B¹
1087 2352 1105 2409 [Ι
1137 2356 1186 2394 11
1218 2355 1266 2394 in
1286 2354 1328 2393 B
1357 2355 1398 2394 si
1419 2355 1456 2394 R
1493 2351 1514 2408 [1
1550 2364 1763 2392 numerus
1783 2349 1838 2392 R¹
1873 2348 1893 2405 Η

307 2412 356 2451 in
385 2417 483 2452 ante
512 2412 639 2452 linea
668 2413 770 2454 add.
794 2413 831 2452 R
869 2408 889 2466 Η
931 2413 981 2452 12
1012 2410 1305 2452 latitudinem
1326 2412 1427 2450 add.
1451 2410 1475 2449 b
1508 2407 1582 2461 (ue
1615 2414 1660 2448 ut
1679 2409 1849 2449 uidetur
1868 2407 1912 2447 B
1943 2430 1950 2436 ·

308 2481 396 2519 que
418 2467 459 2520 b>
501 2465 520 2522 Η
562 2470 612 2509 13
644 2469 754 2508 item
783 2468 902 2510 Vulc.
935 2468 982 2508 id
1005 2471 1076 2508 est
1097 2468 1189 2508 BR‹
1215 2464 1235 2520 H
1275 2467 1414 2507 decas
1444 2478 1527 2519 per
1556 2465 1715 2505 decem
1739 2464 1912 2504 Grotius

306 2523 448 2564 decus
478 2538 561 2577 per
591 2524 731 2565 decus
762 2524 844 2565 BR
892 2521 910 2578 Η
961 2525 1013 2564 14
1053 2524 1197 2575 cybus
1227 2523 1308 2563 BR
1355 2521 1374 2576 ll
1425 2523 1476 2563 15
1515 2521 1801 2561 necessarios
1829 2519 1911 2559 BR

307 2593 421 2620 corr.
453 2594 482 2632 p
531 2578 550 2634 ΙΙ
600 2581 796 2633 quadrat.
824 2578 883 2620 B¹
924 2580 1173 2633 quadratus
1203 2580 1241 2619 R
1289 2576 1309 2632 Η
1366 2580 1417 2619 16
1454 2579 1645 2631 primam
1676 2575 1718 2616 B
1757 2574 1807 2616 al
1834 2587 1912 2614 um

314 2638 415 2677 add.
438 2637 461 2677 b
493 2638 639 2690 prima
659 2637 697 2677 R
735 2633 754 2690 ΙΙ
801 2636 916 2677 adde
949 2633 1025 2687 (ad
1047 2640 1094 2676 te
1115 2635 1170 2689 R)
1204 2635 1396 2675 triadem
1424 2636 1526 2677 add.
1548 2634 1600 2673 br
1645 2629 1665 2686 {l
1714 2633 1765 2672 17
1795 2632 1913 2672 fecit

314 2692 357 2732 B
395 2690 414 2746 Η
463 2695 515 2734 18
547 2693 657 2734 VIII
686 2692 1186 2746 iunge—quadratum
1215 2692 1325 2733 XVI
1353 2705 1430 2732 om.
1452 2688 1568 2731 B¹R¹
1608 2685 1627 2742 H
1668 2690 1719 2728 19
1747 2699 1912 2728 nouem

317 2748 487 2789 Grotius
517 2748 773 2790 nonas-BR
821 2746 839 2802 Η
901 2749 959 2789 ad
989 2748 1190 2789 sedecim
1215 2754 1317 2800 post
1345 2760 1490 2788 nonas
1519 2746 1619 2787 add.
1654 2745 1693 2783 D
1739 2740 1759 2797 ΙΙ
1807 2755 1912 2796 per-

313 2803 411 2845 ficit
430 2805 453 2845 b
474 2802 493 2859 Η
522 2808 576 2846 20
606 2806 653 2845 in
674 2818 751 2846 om.
772 2804 874 2845 B'R
910 2802 921 2858 l
947 2806 1000 2844 22
1034 2817 1133 2844 esse
1156 2808 1201 2844 et
1221 2801 1337 2843 B¹R¹
1366 2801 1385 2855 ΙΙ
1421 2806 1611 2854 utreque
1633 2801 1669 2840 R
1687 2797 1708 2853 Η
1736 2803 1914 2840 certum

315 2863 386 2899 est
412 2867 513 2913 post
542 2862 664 2902 finiri
695 2862 795 2901 add.
827 2875 852 2900 r
948 2862 1001 2901 23
1031 2860 1265 2900 'infinitum
1286 2858 1387 2899 fieri
1415 2856 1531 2898 B¹R¹
1572 2854 1591 2911 Η
