1982 3230
190 771 274 811 560

1807 0 1881 22 ’ΜΞ-ἵε

1882 0 1982 110 η

308 131 412 184 190
785 130 1087 173 MARTIANI
1109 129 1430 171 GAPELLAE
1963 140 1982 168 <2

306 273 534 338 qualitate
555 277 606 320 ut
628 272 690 320 ‘si
710 270 948 320 iracunde
969 269 1098 328 fecit,
1121 271 1227 320 sine
1246 271 1437 320 ratione
1457 269 1669 320 fecerit'.
1707 286 1733 320 a
1756 285 1909 335 quan·

304 346 438 392 titate
473 348 527 390 ut
562 343 624 390 ‘si
660 356 834 391 seruus
870 347 956 396 est,
987 341 1159 390 eodem
1194 340 1340 389 modo
1367 342 1551 390 factum
1577 341 1674 390 sit'.
1737 356 1766 390 a
1791 356 1908 391 con-

304 414 481 462 iunctis
516 412 566 460 id
603 418 677 461 est
721 408 831 462 ἀπὸ
863 412 975 463 τῶν
1018 410 1057 477 †
1080 408 1387 462 ΠΤΟΕΕΟΕ
1419 408 1504 461 καὶ
1529 409 1823 470 ευνθέτων,
1845 420 1900 461 ut

304 483 461 531 fasces
485 487 533 531 et
558 488 687 545 toga,
717 481 834 531 sella
860 480 1044 531 curulis
1065 482 1436 544 magistratuum
1464 486 1753 531 ornamenta
1778 489 1905 537 sunt.

302 554 420 603 item
456 553 654 616 partitio
681 557 754 601 est
788 551 839 600 id
867 557 939 601 est
973 549 1216 615 διαίρεειε
1253 565 1343 615 per
1378 565 1549 601 omnes
1585 552 1907 600 circumstan-
1949 560 1972 595 5

302 624 394 672 tias
419 623 467 671 id
497 628 572 671 est
598 637 708 671 cum
734 622 977 686 partimur
1002 637 1094 687 per
1129 636 1366 686 personas
1402 626 1625 685 tempora
1652 627 1701 671 et
1721 627 1905 678 cetera,

303 708 428 757 quae
453 694 668 742 uarietas
694 699 830 755 grata
857 692 1173 742 discriminat.

445 773 909 812 INARTIFICIALIA
934 773 1294 812 ARGVMENTA
1331 761 1613 811 diuiduntur
1638 762 1691 810 in
1715 762 1907 825 praeiu-

305 833 445 889 dicia,
468 834 519 881 in
539 847 784 890 rumoreS‚
805 834 856 881 in
878 839 1138 889 tormenta,
1161 834 1210 881 in
1231 832 1434 889 tabulaS,
1457 833 1507 879 in
1527 832 1602 881 ius
1626 830 1905 888 iurandum,

303 904 353 950 in
380 909 544 952 testes,
621 918 744 966 quae
780 901 1006 952 similiter
1040 917 1186 966 quem
1225 903 1286 951 ad
1321 901 1522 951 modum
1559 908 1606 951 et
1640 899 1908 950 artificialia
1929 912 1972 946 ιο

304 979 482 1022 tractat
516 979 699 1022 orator.
775 974 825 1020 in
848 974 1149 1036 argumentis
1175 979 1339 1021 autem
1366 971 1639 1021 cauendum
1667 977 1739 1020 est
1763 985 1826 1021 nc
1856 971 1907 1020 in

153 1050 283 1091 1856
303 1042 462 1107 aliqua
489 1048 629 1107 parte
656 1042 799 1091 nobis
824 1049 1050 1100 noceant,
1078 1057 1141 1091 ne
1167 1043 1296 1091 inter
1310 1056 1368 1091 se
1388 1042 1682 1106 discrepent,
1707 1055 1770 1090 ne
1797 1039 1907 1091 uul-

186 1750 265 1791 561

303 1114 436 1176 garia
465 1114 576 1169 sint,
605 1129 667 1162 ne
695 1128 807 1162 cum
842 1112 1127 1162 aduersario
1155 1113 1450 1168 communia,
1478 1125 1541 1160 ne
1567 1109 1663 1161 alte
1695 1112 1905 1175 repetita

303 1190 385 1232 aut
411 1198 558 1248 supra
587 1183 872 1246 dignitatem
899 1198 1075 1233 causae
1102 1189 1186 1231 aut
1209 1182 1337 1231 infra
1363 1181 1663 1245 dignitatem.

443 1253 512 1303 De
539 1254 912 1302 confirmatione
939 1253 1159 1302 breuiter
1184 1252 1473 1301 memoraui.
1535 1265 1668 1301 nunc
1691 1261 1905 1300 REPRE·
1928 1261 1970 1295 15

301 1334 613 1374 HENSIONIS
664 1330 928 1387 praecepta
979 1322 1253 1372 uideamus.
1340 1321 1723 1386 reprehenditur
1774 1322 1906 1373 enim

301 1395 426 1441 actio
446 1393 719 1442 aduersarii
745 1399 827 1442 aut
850 1393 1212 1455 redarguendo,
1234 1407 1345 1441 cum
1361 1398 1444 1441 aut
1462 1398 1618 1441 totum
1645 1403 1906 1455 argumen-

299 1470 404 1512 tum
433 1470 515 1512 aut
539 1468 705 1526 partes
741 1464 844 1511 eius
873 1468 1043 1511 contra
1069 1463 1232 1511 facere
1266 1461 1673 1516 monstrabimus;
1713 1467 1797 1511 aut
1822 1475 1902 1510 re-

297 1532 565 1597 pugnando
593 1548 704 1581 cum
732 1533 966 1582 docemus
991 1532 1110 1582 falsa
1137 1547 1245 1582 esse
1271 1548 1362 1597 pro
1389 1533 1521 1581 ueris
1548 1537 1799 1595 assumpta
1822 1529 1903 1580 uel

299 1605 391 1652 illa
422 1619 479 1652 ex
509 1602 587 1652 his
620 1618 719 1651 non
746 1603 898 1658 effici;
936 1609 1019 1652 aut
1055 1602 1448 1665 compensandO,
1475 1602 1516 1650 si
1534 1604 1718 1666 {contra
1756 1615 1899 1665 argu·
1922 1611 1968 1646 20

299 1680 517 1721 mentum
549 1673 679 1736 quod
705 1672 969 1722 aduersum
996 1687 1087 1721 nos
1113 1678 1185 1721 est
1210 1671 1339 1721 aliud
1366 1685 1687 1735 opponamus,

441 1754 857 1802 QVAESTIONVM
884 1742 980 1792 duo
1007 1748 1120 1791 sunt
1139 1757 1337 1806 genera.
1379 1741 1557 1790 dicitur
1583 1741 1709 1791 enim
1736 1742 1903 1803 ἠ’-ροη-

410 1898 562 1937 8-21
585 1911 643 1932 =
662 1896 1024 1937 Fortunatianus
1044 1896 1090 1937 II
1117 1908 1154 1939 e.
1178 1897 1232 1936 25
1280 1892 1299 1949 Η
1343 1897 1396 1936 22
1418 1917 1470 1925 —
1492 1908 1537 1948 p.
1561 1896 1655 1945 192,
1680 1894 1772 1934 S=
1791 1892 1902 1935 For-

298 1956 445 1992 tunat.
468 1952 515 1992 II
536 1955 590 1993 26
612 1965 679 2005 sq.

411 2092 433 2129 1
473 2093 608 2132 ‘immo
639 2103 675 2133 s.
704 2091 884 2132 ratione
914 2092 1030 2132 fecit
1060 2097 1102 2131 et
1133 2092 1285 2132 deinde
1312 2090 1486 2130 factum
1516 2091 1603 2132 est'
1631 2090 1827 2131 Halmius
1863 2085 1884 2142 ΙΙ

295 2148 319 2187 2
352 2145 391 2186 si
413 2158 572 2187 seruus
594 2144 679 2199 est]
704 2160 742 2186 u.
765 2147 908 2187 Halm.
929 2148 1090 2199 rhet.p
1097 2149 1214 2197 .116,
1237 2148 1293 2186 14
1338 2143 1356 2199 [Ι
1398 2146 1656 2200 coniugatis
1677 2146 1701 2186 b
1739 2143 1759 2199 ss
1797 2147 1823 2187 3
1852 2144 1901 2184 id

294 2215 372 2244 om.
395 2200 454 2240 B¹
495 2199 514 2255 Η
551 2161 1094 2243 ΑΠΟΤΟΝΠΤΟΟΕΟΟ
1115 2202 1223 2242 ΚΑΙ
1245 2199 1561 2243 ΟῩΝΟΕΤΟΝ
1589 2202 1679 2254 (uel
1699 2197 1902 2242 ΟῩΝΕΕ-

294 2257 432 2308 ΤΟΝ;
465 2257 513 2297 b:
545 2255 878 2310 ΟῩΝΤΕΤΟΝ)
898 2257 980 2299 BR
1010 2255 1104 2299 ἀπὸ
1124 2259 1225 2297 τῶν
1245 2256 1524 2308 προεόντων
1545 2265 1624 2301 etc.
1647 2258 1837 2298 Halmius
1863 2253 1883 2310 ΙΙ

293 2316 457 2355 fasces·
469 2313 606 2355 110t01
610 2326 658 2354 es
679 2317 789 2367 toga
809 2320 926 2355 recte
945 2315 1276 2355 Fortunatianus
1315 2310 1334 2367 Ι]
1374 2314 1400 2354 5
1428 2314 1619 2366 partitio
1641 2317 1712 2354 est
1743 2313 1901 2366 (parii-

292 2371 357 2410 fiio
381 2386 403 2412 *
425 2371 446 2410 ’ἐ
466 2369 828 2423 Β,Ρ3.Υῒὶ1;ἰοηεῐη
849 2369 905 2422 R)
937 2370 984 2410 id
1007 2373 1077 2411 est
1097 2370 1290 2410 dieresis
1312 2369 1534 2422 (dieresin
1554 2370 1609 2422 R)
1632 2370 1716 2411 BR
1747 2383 1774 2410 a
1794 2381 1900 2421 par-

291 2427 457 2468 titione
487 2426 532 2466 id
564 2430 633 2466 est
660 2424 756 2466 ἀπὸ
783 2426 868 2479 τῆς
896 2423 1155 2478 διαιρέεεωε
1182 2440 1210 2478 p
1244 2429 1308 2466 ‘ut
1334 2432 1398 2466 est
1418 2427 1536 2478 apud
1552 2428 1900 2470 Fortunatianum

289 2497 334 2534 p.
357 2485 451 2531 116,
475 2485 546 2534 17,
571 2483 652 2522 sed
668 2483 837 2523 uidetur
855 2484 996 2535 potius
1021 2482 1191 2534 Capella
1213 2484 1401 2523 errasse’
1421 2483 1616 2526 Halmius
1653 2480 1673 2537 Η
1720 2485 1747 2526 8
1776 2485 1899 2526 inar-

290 2538 508 2579 tificialia
537 2541 810 2593 argumenta
830 2539 1024 2580 Halmius
1059 2537 1378 2579 inartificialia
1408 2537 1606 2580 artificia
1624 2541 1708 2582 BR
1736 2542 1899 2582 inarti-

292 2593 470 2636 ficialia
498 2594 522 2635 b
561 2590 580 2648 ΙΙ
620 2596 646 2635 9
675 2595 724 2634 in
754 2592 870 2649 (ante
900 2594 990 2647 ius)
1022 2608 1099 2636 om.
1122 2592 1181 2634 B1
1229 2591 1273 2648 Η
1296 2596 1348 2635 12
1377 2607 1463 2635 nec
1492 2595 1586 2637 alte
1607 2596 1631 2637 b
1676 2593 1698 2650 [Ι
1735 2598 1789 2637 14
1819 2602 1900 2639 aut

293 2663 430 2705 supra
451 2650 493 2691 B
521 2663 634 2691 corr.
664 2664 723 2691 ex
750 2664 920 2706 asupra
966 2648 986 2706 Η
1033 2652 1085 2691 17
1115 2651 1431 2703 redarguendo
1448 2665 1480 2704 p
1519 2654 1898 2706 remarguendum

291 2708 373 2749 BR
403 2708 734 2760 remarguendo
763 2708 814 2748 br
852 2705 872 2763 ΙΙ
911 2709 964 2749 18
993 2706 1345 2749 monstrauimus
1363 2705 1464 2750 B¹R
1499 2704 1520 2761 ll
1557 2710 1612 2749 20
1640 2708 1723 2749 illa
1749 2711 1900 2758 addidi

296 2763 369 2814 (ex
389 2764 460 2804 his
491 2768 642 2805 sumta
662 2778 752 2806 non
776 2764 901 2805 effici
918 2762 1130 2816 Halmius)
1166 2759 1191 2817 [1
1228 2762 1354 2803 offici
1380 2763 1420 2804 R
1454 2760 1476 2818 l]
1514 2765 1852 2817 compensando
1872 2766 1897 2807 b

295 2820 679 2872 compensandum
715 2819 797 2862 BR
865 2818 884 2875 Η
949 2822 1003 2861 22
1035 2821 1296 2873 praemissus
1323 2825 1387 2860 est
1421 2822 1562 2861 titulus
1597 2820 1680 2860 DE
1712 2821 1897 2871 QVAE-

295 2874 615 2919 STIONIBVS
636 2879 678 2917 in
700 2877 780 2918 BR
817 2874 839 2931 [Ι
875 2887 1206 2930 proegumenos
1227 2874 1308 2915 BR
1344 2871 1366 2928 ss
