1982 3230
763 125 951 168 Lmen
981 126 1004 168 1
1128 100 1137 103 ⁸
1617 117 1683 169 21

79 274 158 324 nis
203 270 418 322 motibus
442 309 453 338 ·.
463 270 704 334 agitarent
754 267 898 318 idem‘
930 268 979 316 in
1024 267 1315 316 reformanti
1358 260 1560 329 speculo
1606 276 1684 311 re·
1844 232 1878 278 ι
1922 267 1933 275 ’

78 342 289 394 lucebat.
338 340 407 391 ibi
433 355 579 406 quem
605 340 776 403 augeri
803 354 949 404 quem
969 338 1179 402 deprimi
1205 350 1350 402 quem
1377 334 1512 384 nasci
1537 347 1685 398 quem
1855 331 1872 351 '⁵

79 413 307 464 occidere
349 410 568 476 luppiter
625 409 775 460 uellet
822 424 972 459 manu
1017 410 1219 473 propria
1278 408 1385 470 ipse
1427 403 1684 454 formabat.

43 479 46 482 ⁴
81 499 227 550 quam
258 490 504 534 terrarum
546 488 738 546 partem
775 479 1059 545 disperdere
1084 493 1230 543 quam
1256 477 1406 527 heare
1432 491 1577 540 quam
1604 489 1689 524 ua·
1724 492 1775 530 19
1795 490 1830 532 G

36 569 58 601 5
74 561 202 605 stam
221 568 465 619 quamque
484 552 732 603 celebrem
755 556 958 616 cuperet
976 550 1117 599 fictor
1138 548 1429 598 arbitrarius
1449 545 1684 596 uariabat.

79 626 175 676 hoc
199 625 346 690 igitur
374 624 526 673 fatum
551 622 803 687 publicum
832 621 1123 686 conspicans
1158 632 1540 683 conponensque
1568 618 1684 666 deo·
1717 634 1771 674 69

36 752 39 758 .
77 710 190 746 rum
215 699 439 744 senatum
473 696 615 744 iussit
649 693 851 743 admitti.
911 692 1134 757 quamuis
1160 690 1291 739 intus
1317 704 1441 754 quos
1476 689 1686 736 innomi-

40 764 44 775 ”
76 765 267 816 nabiles
291 780 431 815 sacra
457 766 532 814 uis
558 771 761 815 testatur
797 765 1064 817 intrarent,
1093 768 1256 810 tamen
1294 761 1437 810 etiam
1463 759 1684 823 primati-

76 836 170 887 bus
198 836 363 886 diuum
391 837 779 900 praesertimque
805 833 1096 898 parentibus
1122 838 1330 896 uterque
1367 835 1686 892 consurgunt.
1898 815 1952 894 1

15 917 56 956 1'0
75 923 251 959 uerum
278 914 410 957 sator
437 921 608 956 eorum
645 905 899 971 gressibus
924 904 1095 953 tardus
1121 919 1177 952 ao
1202 908 1479 952 remorator
1505 899 1689 949 incedit
1719 908 1773 948 70

75 978 348 1044 glaucoque
398 979 578 1027 amictu
628 983 785 1027 tectus
835 983 995 1039 caput.
1079 972 1434 1039 praetendebat
1483 971 1687 1020 dextera

75 1048 463 1099 flammiuomum
489 1048 734 1112 quendam
761 1047 1026 1096 draconem
1054 1045 1238 1094 caudae
1265 1058 1381 1093 suae
1407 1042 1573 1092 ultima
1602 1042 1685 1090 de·

75 1125 350 1176 uorantem,
378 1134 523 1183 quem
551 1118 818 1168 credebant
844 1118 957 1167 anni
992 1130 1253 1165 numerum
1281 1115 1479 1163 nomine
1504 1112 1683 1176 perdo·
1879 1097 1902 1122 '⁶

77 1204 207 1240 cere.
268 1190 422 1255 ipsius
448 1196 611 1239 autem
649 1189 850 1238 canities
877 1188 1122 1252 pruinosis
1156 1185 1352 1235 niuibus
1379 1182 1681 1239 candicabat,

14 1274 54 1308 15
79 1258 195 1310 licet
219 1259 298 1309 ille
331 1261 475 1309 etiam
509 1275 634 1324 puer
658 1274 802 1323 posse
827 1259 936 1307 fieri
971 1258 1275 1321 crederetur.
1337 1258 1443 1305 eius
1470 1256 1685 1304 coniunx
1715 1263 1766 1303 71

77 1330 355 1396 grandaeua
381 1330 767 1394 corpulentaque
802 1336 960 1379 mater
986 1329 1211 1391 quamuis
1235 1326 1445 1376 fecunda
1472 1327 1684 1374 circum-

74 1399 280 1465 fusaque
314 1400 552 1464 partubus
586 1407 749 1450 tamen
792 1399 1016 1449 floridam
1055 1398 1448 1461 discoloramque
1492 1402 1683 1445 uestem

73 1470 279 1522 herbida
305 1470 434 1535 palla
456 1477 752 1528 contexerat,
778 1472 830 1520 in
851 1486 946 1535 qua
970 1475 1102 1519 totus
1128 1483 1434 1534 gemmarum
1462 1466 1682 1516 metallo-

72 1557 283 1607 rumque
309 1556 484 1592 census
510 1548 654 1607 atque
682 1543 901 1591 omniurn
921 1548 1194 1606 prouentus
1208 1538 1510 1605 <frugesque
1535 1539 1680 1587 satio-

12 1627 52 1659 πο
71 1627 191 1663 num
216 1612 350 1676 larga
371 1612 635 1662 admodum
661 1612 885 1662 ubertate
910 1612 1209 1662 serebantur.
1260 1611 1375 1660 huic
1392 1611 1534 1659 Vesta
1557 1625 1683 1674 quae
1715 1619 1768 1657 72

24 1704 26 1714 ¹
74 1686 222 1734 etiam
257 1698 439 1733 coaeua
479 1684 582 1734 eius
616 1683 801 1739 fuerat,
830 1682 1144 1732 adhaerebat.
1197 1697 1322 1747 quae
1350 1680 1482 1744 quod
1518 1681 1682 1729 nutrix

73 1753 204 1804 Iouis
251 1754 407 1817 ipsius
453 1769 642 1818 suoque
694 1770 805 1803 eum
856 1759 1154 1803 sustentasse
1198 1753 1386 1816 gremio
1430 1750 1682 1800 serebatur

74 1831 221 1889 caput
245 1826 376 1887 regis
398 1840 512 1875 ausa
537 1830 610 1874 est
631 1823 859 1874 osculari.
904 1830 1016 1888 post
1035 1823 1126 1872 hos
1149 1823 1350 1873 candida
1375 1837 1487 1872 cum
1508 1836 1681 1872 sorore
1712 1831 1765 1871 73

75 1893 158 1943 Sol
185 1904 384 1944 auratus
420 1897 678 1959 expetitur.
740 1896 824 1959 qui
857 1910 973 1944 mox
999 1900 1051 1943 ut
1089 1894 1251 1958 coepit
1286 1894 1527 1957 ingressui
1562 1907 1679 1956 pro-

15 1965 52 2011 25'
75 1965 330 2029 pinquare,
350 1980 600 2031 purpurae
622 1964 866 2015 rutilantis
884 1966 1124 2029 puniceus
1142 1965 1338 2030 quidam
1365 1963 1524 2028 fulgor
1544 1970 1678 2014 ante·

77 2036 234 2091 uenit,
277 2042 325 2085 et
360 2035 599 2086 rosulenti
639 2035 916 2100 splendoris
960 2036 1114 2099 gratia
1149 2042 1300 2084 totam
1347 2034 1485 2084 aulae
1528 2036 1679 2099 ipsius

37 2134 41 2139 ·
75 2106 260 2162 curiam
298 2105 642 2170 obstupefactis
669 2108 845 2156 ceteris
872 2106 1127 2155 ornatibus
1161 2105 1432 2155 luminauit.
1485 2112 1558 2154 ast
1593 2106 1679 2155 ubi

72 2176 259 2240 primos
294 2176 521 2226 honorati
556 2178 730 2241 capitis
769 2177 934 2226 radios
969 2178 1285 2240 ingressurus
1311 2177 1534 2234 immisit,
1571 2178 1678 2240 ipse

74 2247 217 2295 etiam
245 2246 463 2312 Iuppiter
490 2247 741 2312 paululum
768 2256 1106 2312 retrogressus
1131 2248 1221 2298 sub
1248 2249 1477 2297 immensi
1502 2248 1678 2296 nitoris

20 2331 52 2364 ιο
74 2318 277 2367 numine
323 2317 576 2382 caligauit‚
623 2319 833 2384 sphaera
869 2334 989 2369 uero
1026 2319 1295 2384 orbesque,
1324 2333 1447 2383 quos
1474 2318 1675 2368 dextera

71 2387 357 2444 sustinebat,
393 2389 547 2439 ueluti
574 2389 772 2453 speculo
801 2391 997 2454 cognati
1022 2389 1219 2439 luminis
1246 2389 1501 2439 refulsere.
1554 2388 1675 2438 Iuno
1708 2398 1763 2438 74

186 2586 207 2625 1
240 2585 361 2626 idem
381 2586 431 2626 in
459 2586 731 2628 reformanti
752 2587 939 2641 speculo
959 2590 1118 2641 scripsi
1146 2587 1293 2641 pedae
1325 2586 1676 2640 (paediaeKop-

67 2641 183 2694 pius)
222 2642 514 2684 reformantis
551 2643 739 2696 speculo
782 2644 953 2686 Grotius
996 2644 1183 2697 pedeire
1216 2644 1351 2694 (corr.
1385 2657 1443 2683 ex
1481 2643 1706 2696 pideire)‘

70 2697 314 2739 formantis
353 2699 540 2752 speculo
570 2699 613 2739 B
652 2700 779 2752 pidei
819 2699 983 2754 (pithei
1013 2715 1037 2740 r
1073 2699 1239 2753 Pythei
1270 2700 1491 2752 Koppius)
1530 2700 1674 2741 refor-

40 2754 239 2795 ⁴mantis
270 2756 459 2808 speculo
489 2757 527 2796 R
558 2753 595 2810 ll
650 2757 675 2797 5
712 2757 889 2811 cupiret
919 2758 956 2797 R.
1012 2754 1031 2810 Η
1087 2759 1112 2796 6
1153 2769 1520 2808 componensque
1552 2757 1589 2796 Ji
1635 2753 1657 2812 Η

70 2809 97 2850 ’1
131 2810 282 2851 amitti
310 2807 346 2853 R
395 2809 414 2866 ΙΙ
463 2814 513 2853 11
546 2812 706 2853 dextra.
727 2813 765 2854 R
812 2810 830 2867 ΙΙ
882 2815 934 2853 14
965 2813 1169 2853 canicies
1191 2813 1214 2853 h
1249 2812 1457 2853 canticas
1478 2813 1516 2853 R
1547 2814 1674 2853 cani-

72 2865 202 2906 cisB
238 2863 258 2920 ss
295 2869 347 2908 15
379 2869 544 2909 coniux
565 2870 603 2909 R
641 2866 660 2922 ΙΙ
701 2871 751 2910 17
782 2870 992 2923 partibus
1024 2868 1140 2910 B¹R¹
1180 2865 1200 2922 Η
1240 2870 1293 2909 27
1335 2870 1533 2910 caeteris
1555 2869 1598 2909 B

74 2925 357 2964 caeterorum
377 2925 400 2965 h
420 2921 442 2979 ss
460 2926 514 2967 29
532 2926 615 2966 sub
638 2925 774 2966 subB
793 2923 812 2980 Η
832 2929 886 2968 30
902 2926 1101 2979 sphaera
1121 2927 1278 2979 scripsi
1297 2925 1522 2979 sphaerae
1531 2925 1615 2966 BD
1635 2867 1657 2981 ΙΙ
