1982 3230
153 0 194 12 v.-

0 0 12 81 Ι
101 43 110 58 f

0 81 8 93 ι
85 79 91 84 “
173 82 178 90 ⁸

0 100 11 271 ff
511 94 804 137 CAESAnls
835 93 1177 138 GERMAmm
1205 94 1451 137 AnA'rnA
1667 92 1774 146 389

0 275 10 303 Ξ
48 242 49 245 ’
156 252 252 302 que
278 235 545 303 transpulsi
570 237 781 287 Icarium
816 236 1189 287 interfecerunt.
1247 237 1376 301 quod
1403 251 1496 302 pro
1522 237 1773 287 iucundis-

0 316 53 386 ³f5
155 309 278 357 simo
325 309 547 372 praemio
600 314 672 357 est
717 307 937 371 adeptus,
1025 313 1196 357 contra
1242 322 1423 371 corpus
1466 309 1619 371 patris
1663 307 1773 358 Eri-

0 364 50 442 l?
156 392 285 442 gone
322 394 433 428 cum
471 378 753 428 miserando
791 377 979 428 ululatu
1018 375 1294 447 [mortem]
1333 380 1598 444 requirens
1638 380 1773 428 canis

0 417 49 493 i
146 456 338 509 ,tenens
372 454 510 499 ueste
546 464 652 499 eam
691 451 981 499 accersitam
1025 449 1085 498 ad
1113 450 1268 514 patris
1305 464 1488 513 corpus
1525 449 1772 514 perduxit.

0 508 45 568 ¹!
110 546 132 579 5
155 535 282 585 quae
322 520 427 569 eius
463 535 643 584 corpus
673 519 870 584 sepelit,
916 521 1120 584 ipsaque
1158 535 1210 569 se
1247 521 1293 568 in
1329 519 1558 585 Hymetto
1605 526 1772 570 monte

0 587 45 667 ἕξ
155 589 360 640 contulit
395 590 563 654 ibique
590 590 685 639 sibi
719 590 894 655 laqueo
925 597 1136 640 mortem
1175 590 1397 639 adsciuit.
1464 597 1567 639 tum
1596 590 1774 642 dicitur

24 658 46 674 ⁹
153 660 304 711 Liber
330 661 390 710 ab
416 661 532 710 Ioue
561 663 742 726 petisse
769 667 972 725 propter
999 661 1131 726 quod
1158 660 1344 709 Icarius
1370 666 1509 724 pater
1533 661 1773 725 Erigones

154 733 347 789 fuisset,
395 732 613 781 siderum
650 732 802 794 signis
836 730 1205 788 nobilitaretur,
1244 731 1304 780 ad
1351 746 1506 795 eaque
1551 732 1772 795 uirgines

151 803 475 852 Athenienses
511 803 772 868 quotannis
818 802 948 852 diem
984 803 1164 853 festum
1211 803 1528 851 instituerunt
1573 798 1772 866 αἰώρα(

23 868 41 943 ξ
87 900 129 932 10
158 902 215 909 —
234 888 358 938 quos
379 872 545 923 oscilla
563 872 734 923 Latine
760 872 969 922 dicimus
984 873 1170 922 —ideo
1190 873 1300 936 quia
1320 872 1451 922 illam
1474 872 1771 936 pendentem

24 949 41 974 ‘·
155 943 289 1011 [qui]
316 944 487 994 iactari
519 950 914 1009 conspexerunt,
954 944 1084 1009 quod
1113 950 1186 994 est
1211 943 1339 1007 apud
1369 943 1587 993 Graecos
1614 942 1774 1007 φέρε-

152 1017 282 1066 (θαι.
359 1031 415 1064 ex
446 1030 549 1079 quo
576 1015 763 1064 factum
793 1022 866 1064 est
891 1020 944 1063 ut
971 1014 1062 1063 soli
1088 1013 1260 1064 oscillo
1287 1015 1589 1064 iactarentur
1614 1013 1771 1062 homi-

154 1099 256 1134 nes.
298 1084 483 1134 Icarius
507 1092 670 1134 autem
692 1091 834 1150 pater
856 1086 1061 1150 uirginis
1082 1086 1365 1135 nominatur
1385 1084 1523 1135 stella
1543 1083 1771 1134 ARCTV—

151 1155 298 1212 RVS,
345 1171 470 1220 quae
506 1171 618 1205 cum
656 1157 876 1205 exoritur
915 1157 1257 1220 spurcissimas
1291 1161 1609 1222 tempestates
1645 1155 1770 1204 mari

86 1251 129 1284 15
153 1231 416 1290 terraeque
444 1226 607 1274 efficit.
649 1226 777 1291 quod
807 1228 1030 1276 meminit
1057 1226 1149 1275 sibi
1176 1242 1267 1291 pro
1296 1226 1538 1276 beneficio
1567 1227 1768 1275 exitium

154 1295 305 1347 fuisse
341 1311 367 1345 a
403 1296 708 1346 mortalibus,
761 1298 894 1346 canis
932 1303 1093 1346 autem
1132 1298 1273 1346 Icarii
1309 1298 1391 1361 qui
1431 1295 1625 1346 ululans
1658 1302 1771 1345 ante

152 1366 306 1431 pedes
324 1367 585 1431 pendentis
605 1367 811 1431 uirginis
830 1374 1058 1416 mortuus
1080 1374 1166 1423 est,
1197 1374 1381 1416 astrum
1407 1365 1586 1418 ΚΥΩΝ
1611 1367 1769 1415 nomi-

154 1442 314 1494 natur,
340 1437 468 1501 quod
490 1452 579 1486 nos
595 1437 780 1497 ‚CANIS
803 1436 995 1488 stellam
1015 1438 1341 1488 nominamus.
1371 1439 1454 1503 qui
1475 1437 1538 1487 ob
1560 1437 1767 1487 eandem

155 1522 368 1563 causam,
391 1508 588 1572 quando
611 1509 845 1565 exoritur,
866 1523 1107 1558 summam
1128 1508 1455 1574 pestilentiam
1477 1507 1770 1558 mortalibus

87 1605 131 1639 20
155 1583 336 1642 portat.
376 1576 606 1643 <VIRGO
632 1578 871 1643 figuratur
898 1579 1049 1629 stellis
1076 1579 1263 1629 XVIIII.
1328 1580 1376 1628 in
1405 1581 1562 1644 capite
1591 1578 1767 1628 obscu-

154 1663 260 1698 ram
297 1649 441 1697 nimis
469 1648 512 1703 1,
551 1650 602 1696 in
628 1648 830 1713 singulis
865 1652 1051 1701 umeris
1091 1650 1335 1714 singulaS,
1372 1652 1424 1699 in
1460 1651 1654 1699 sinistra
1692 1649 1764 1699 ala
1791 1662 1899 1703 49B

155 1717 445 1775 obscuram,
487 1720 535 1767 in
576 1719 746 1769 dextra
784 1719 844 1769 ab
881 1735 1055 1771 umero
1094 1728 1142 1771 et
1178 1720 1239 1770 ab
1276 1721 1351 1770 ala
1389 1728 1606 1771 extrema
1642 1735 1766 1770 una:

152 1796 360 1839 uocatur
386 1789 776 1853 προτρυγητήρ.
817 1791 868 1839 in
897 1790 1103 1855 singulis
1131 1791 1310 1841 cubitis
1336 1790 1569 1855 singulas,
1599 1793 1646 1840 in
1669 1792 1767 1840 sin-

152 2013 310 2055 cordia
340 2015 380 2053 P
416 2011 434 2068 Η
486 2017 505 2054 1
539 2015 732 2055 icarium
759 2016 835 2068 pB
865 2016 1040 2056 icarum
1074 2018 1115 2056 P
1161 2013 1179 2070 Η
1219 2016 1535 2057 interficerunt
1564 2017 1606 2056 B
1643 2013 1664 2071 Η
1703 2018 1768 2058 io-

153 2071 429 2111 cundissimo
451 2072 494 2111 P
528 2068 547 2124 Η
586 2073 611 2111 2
643 2084 806 2125 corpus
836 2075 996 2125 scripsi
1024 2086 1192 2114 morem
1219 2074 1251 2114 C
1287 2071 1306 2127 Η
1345 2075 1371 2114 3
1404 2074 1767 2115 commiserando

147 2127 190 2166 P
207 2126 226 2180 Η
246 2129 436 2166 mortem
459 2125 668 2178 (mortem
683 2132 872 2169 mortem
888 2128 949 2181 B)
971 2131 1109 2170 delent·
1127 2127 1145 2183 Η
1167 2131 1275 2171 cani
1295 2128 1349 2171 P¹
1372 2126 1390 2182 Η
1410 2131 1438 2170 4
1452 2133 1618 2171 tenens
1636 2136 1767 2171 ueste

146 2184 304 2235 scripsi
333 2183 428 2223 leni
458 2183 658 2236 uestigio
684 2184 718 2224 C
734 2182 752 2238 Η
775 2188 1048 2226 accersitam
1071 2188 1234 2239 scripsi
1261 2198 1508 2227 accensam
1532 2186 1565 2227 C
1583 2183 1602 2240 Η
1623 2188 1768 2240 patris

146 2240 305 2291 scripsi
332 2240 494 2280 matris
519 2240 553 2280 C
590 2237 608 2294 Η
648 2242 674 2282 5
704 2240 891 2294 hymeto
910 2242 1006 2282 BP¹
1039 2240 1058 2297 Η
1085 2247 1236 2284 mente
1258 2236 1321 2282 Ρ(
1344 2239 1364 2296 Η
1393 2244 1418 2282 6
1449 2243 1627 2295 tibique
1648 2242 1708 2283 B¹

147 2297 171 2336 7
205 2296 407 2348 erigonis
436 2296 478 2335 B
509 2297 712 2350 origonis
743 2299 784 2337 P
807 2295 827 2351 Η
852 2300 879 2339 8
910 2298 1124 2351 syderum
1153 2300 1196 2338 P
1221 2296 1241 2353 Η
1275 2299 1420 2340 nobili
1448 2298 1636 2339 daretur
1667 2300 1701 2340 0

148 2363 295 2404 eaque
331 2354 491 2403 scripsi
535 2365 592 2392 ea
629 2365 750 2405 quae
792 2355 826 2394 C
870 2351 891 2408 Η
938 2357 964 2395 9
1003 2352 1179 2407 αἰώρα(
1226 2367 1339 2407 quas
1387 2354 1550 2395 oscilla
1593 2355 1765 2397 Latine

145 2411 236 2446 scri
265 2409 304 2447 si
340 2404 542 2459 (αἰώρας
579 2410 662 2448 iam
692 2409 1006 2451 Schaubachius
1036 2410 1171 2463 coni.)
1213 2423 1320 2451 aras
1357 2423 1471 2463 quos
1508 2423 1592 2452 nos
1620 2411 1765 2454 latine

149 2462 182 2503 C
241 2459 247 2515 Ι
298 2464 350 2503 10
380 2463 509 2503 illam
539 2465 699 2515 scripsi
732 2464 814 2505 illa
847 2463 939 2562 0AE
974 2466 1206 2518 pendente
1247 2464 1323 2520 ΡΗ
1365 2468 1414 2507 11
1448 2468 1526 2519 qui
1553 2469 1693 2520 deleui
1727 2466 1747 2522 Η

145 2518 376 2559 iacturIP
411 2516 430 2570 Η
469 2517 688 2571 φέρεεθαι
706 2523 867 2574 scripsi
943 2519 1171 2564 ΕΡΕΕΘΜ
1203 2523 1246 2562 Β
1276 2519 1542 2565 ΦΕΡΕΕΕΛΙ
1574 2524 1616 2563 Ρ
1652 2523 1671 2577 Η
1712 2527 1766 2566 13

145 2575 298 2615 carius
331 2574 386 2614 ΒΙ
417 2571 436 2629 Η
464 2576 724 2617 nominatus
754 2576 796 2616 B
833 2574 854 2632 [1
894 2580 946 2619 14
975 2582 1187 2632 terreque
1209 2579 1251 2619 B
1290 2577 1309 2633 Η
1349 2581 1401 2620 15
1433 2580 1645 2620 exsitium
1668 2580 1702 2620 C
1726 2578 1748 2636 Η

147 2631 200 2670 16
229 2630 482 2671 moralibus
504 2631 559 2671 P¹
600 2630 621 2687 Η
657 2633 800 2673 Icarii
830 2636 990 2687 scripsi
1020 2636 1135 2676 carii
1155 2635 1197 2675 B
1226 2636 1404 2677 Icarius
1425 2636 1467 2675 P
1501 2633 1524 2690 Η
1563 2638 1614 2677 17
1647 2650 1765 2689 cyon

142 2686 187 2726 B
219 2688 323 2728 cion
345 2689 387 2727 P
411 2685 430 2741 Η
458 2688 719 2730 nominatus
740 2689 782 2728 B
801 2686 820 2743 Η
843 2692 894 2731 18
927 2704 1014 2731 can
1045 2690 1102 2732 B¹
1125 2688 1144 2745 Η
1168 2694 1220 2733 19
1251 2693 1329 2746 qui
1355 2705 1440 2744 pro
1462 2692 1642 2746 quando
1664 2692 1706 2733 B
1726 2690 1746 2748 Η

145 2743 198 2783 21
229 2742 430 2784 humeris
462 2745 503 2783 P
538 2742 556 2798 Η
596 2747 649 2786 22
680 2745 867 2786 humero
898 2747 940 2786 P
974 2744 994 2801 Η
1020 2748 1093 2789 *ad
1115 2747 1156 2788 Β
1195 2745 1214 2802 Η
1264 2749 1341 2789 ala
1373 2752 1578 2789 extrema
1607 2751 1766 2803 scripsi

142 2799 230 2839 τοῦ
262 2798 407 2851 ἄκρου
437 2801 523 2852 τῆς
556 2799 784 2853 πτέρυγος
817 2803 978 2845 Catast.
1022 2804 1174 2845 altera
1205 2805 1239 2844 C
1278 2802 1296 2858 Η
1334 2818 1428 2846 una
1455 2806 1616 2859 scripsi
1651 2806 1762 2847 inna

145 2854 181 2894 C
216 2851 235 2907 Η
274 2857 328 2898 23
358 2860 649 2910 protrygeter
670 2858 711 2897 B
742 2860 1023 2913 protrigetur
1042 2861 1084 2901 P
1102 2864 1280 2904 correxi
1299 2875 1359 2906 eae
1380 2862 1542 2903 Gatast.
1580 2859 1601 2916 Η
1796 2866 1798 2869 “
