1982 3230
868 3 898 11 ⁴·
933 0 1010 21 «3»-
1043 0 1096 25 τῇ
1119 0 1422 30 ἸΦῊῚΜΜ

314 161 421 214 382
940 162 1205 204 SOHOLIA
1234 164 1300 205 IN

317 310 520 367 pectore
548 302 684 357 duas,
713 303 760 350 in
787 302 914 366 pede
940 304 1106 367 priore
1134 303 1290 352 claras
1312 304 1448 360 duas,
1477 306 1526 353 in
1552 320 1741 355 summa
1767 305 1924 369 cauda

317 373 499 421 cla‘ram
527 387 691 429 unam,
718 373 771 420 in
796 378 970 422 uentre
997 372 1178 422 claram
1206 389 1370 431 unam,
1398 375 1448 422 in
1475 390 1621 425 crure
1646 377 1922 439 posteriore

316 443 437 491 duas
463 447 511 491 et
535 443 586 490 in
614 448 833 491 extremo
859 443 985 507 pede
1012 443 1156 500 duaS,
1183 445 1234 492 in
1262 444 1416 494 cauda
1442 449 1565 494 tres:
1602 446 1726 495 fiunt
1750 445 1921 498 xxm.

313 513 470 561 VRSA
507 511 711 561 MINOR
746 528 772 561 a
808 512 1031 576 pluribus
1067 513 1314 564 Phoenice
1357 523 1580 564 uocatur.
1654 531 1714 564 ex
1750 516 1922 566 eadem

313 584 503 632 ratione
538 597 634 646 qua
677 585 906 647 superior
943 585 1087 632 astris
1131 583 1277 634 inlata
1320 587 1403 633 uel
1442 584 1682 634 beneficio
1705 584 1937 637 ‘Dianaes
1963 596 1982 632 ε

313 656 448 703 hanc
473 654 761 718 priusquam
787 655 1020 716 luppiter
1046 669 1152 703 eam
1180 654 1466 704 infamasset
1492 655 1734 706 efferasse.
1786 655 1922 720 quod
1955 709 1958 712 ‚

316 723 511 787 cognita
560 725 789 773 miserata
839 724 1174 773 inmortalitati
1219 725 1453 782 donasse,
1512 724 1822 775 submutasse
1873 731 1922 776 et

313 793 456 843 aliam
483 794 707 856 posuisse
743 809 908 843 ursam
925 834 936 850 ,
974 800 1028 843 ut
1055 801 1218 844 essent
1244 795 1341 843 duo
1369 796 1472 844 eius
1497 794 1737 844 beneflcio
1776 795 1922 862 [duas

184 870 292 911 40B
312 878 453 913 ursas
490 862 707 929 fecisse]
783 863 1135 927 Aglaosthenes
1174 870 1335 914 autem
1382 865 1550 928 inquid
1596 866 1646 913 in
1694 865 1922 915 Nax-iacis

314 934 613 998 Cynosuram
656 931 819 1002 [dicit]
848 934 978 983 Iouis
1013 934 1166 984 fuisse
1201 935 1442 983 nutricem
1481 950 1628 984 unam
1666 951 1726 984 ex
1759 935 1919 985 Idaeis
1940 947 1982 981 10

312 1004 565 1069 NymphiS,
595 1019 622 1053 a
648 1018 742 1068 qua
768 1006 819 1052 in
839 1003 1011 1054 Cretae
1039 1005 1219 1068 oppido
1246 1003 1405 1058 Ἱετοί,
1441 1019 1588 1068 quam
1612 1004 1920 1055 Nicostratus

313 1075 601 1139 composuit,
630 1079 800 1138 portas
827 1080 873 1123 et
900 1076 1030 1123 circa
1056 1090 1168 1123 eum
1194 1073 1358 1124 locum
1377 1073 1677 1138 Cynosuram
1703 1075 1920 1138 appella-

311 1151 427 1197 tam.
473 1141 618 1211 [haec
645 1143 897 1209 Cynosura
924 1143 1016 1193 fuit
1042 1159 1151 1193 cum
1166 1143 1427 1193 Telchines
1455 1145 1538 1207 qui
1565 1144 1798 1193 dicuntur
1823 1145 1916 1195 Cu-

311 1220 443 1264 retes
468 1211 639 1281 Idaei.]
687 1215 864 1263 Aratus
886 1214 1188 1279 Cynosuram
1217 1220 1264 1264 et
1287 1213 1488 1264 Helicen
1516 1206 1920 1264 Cretensis'louis
1941 1234 1946 1239 ·

312 1285 534 1333 nutrices
560 1284 709 1332 fuisse
736 1285 867 1334 dicit.
932 1284 993 1333 ob
1032 1285 1161 1348 quod
1201 1290 1315 1333 sunt
1350 1282 1550 1333 eaelesti
1587 1284 1794 1334 donatae
1827 1284 1916 1334 ho·
1941 1295 1982 1330 ιε

308 1369 447 1403 nore.
487 1353 638 1403 habet
656 1353 855 1419 stellas>
879 1355 930 1402 in
952 1356 1061 1418 ipso
1079 1353 1232 1403 latere
1251 1354 1340 1403 1111
1361 1353 1446 1419 <in
1473 1359 1703 1417 quattuor
1729 1354 1919 1417 angulis

285 1456 287 1459 v
311 1424 467 1473 claras
495 1431 543 1473 et
568 1425 619 1471 in
646 1424 800 1473 cauda
828 1423 984 1472 claras
1010 1431 1137 1472 tres:
1165 1425 1288 1473 fiunt
1308 1424 1405 1474 Vll.
1436 1423 1526 1472 sub
1554 1425 1622 1472 eis
1648 1426 1918 1474 maximum

312 1499 518 1559 apparet
553 1493 688 1542 sidus
715 1493 845 1557 quod
880 1499 1087 1543 uocatur
1124 1493 1269 1558 polus
1295 1510 1321 1543 a
1348 1493 1655 1557 quibusdam.
1729 1495 1918 1543 circum

311 1564 442 1628 quod
468 1568 668 1627 putatur
695 1569 827 1613 totus
853 1563 985 1612 orbis
1012 1564 1195 1629 uerti.)
1255 1563 1495 1627 praedicti
1521 1569 1684 1612 autem
1711 1563 1808 1612 duo
1834 1579 1915 1613 re-

308 1633 427 1698 liqui
452 1639 695 1683 uocantur
720 1632 759 1699 †
779 1634 931 1682 chore
956 1641 1011 1683 ut
1039 1649 1065 1682 e
1092 1633 1263 1682 decem
1291 1638 1338 1682 et
1361 1633 1459 1681 Vll.
1938 1643 1982 1692 20

180 1725 288 1768 41B
452 1716 578 1782 <Hic
605 1722 679 1766 est
704 1715 1032 1782 amplissimus
1065 1718 1195 1766 inter
1222 1718 1443 1780 utrisque
1481 1715 1915 1780 septemtrionibus

310 1789 500 1851 positus
526 1787 733 1836 medius,
774 1789 858 1852 qui
882 1794 1079 1851 putatur
1106 1787 1364 1836 hortorum
1393 1786 1722 1850 Hesperidum
1748 1793 1914 1837 custos

308 1858 461 1907 fuisse
495 1863 543 1907 et
576 1857 637 1906 ab
673 1856 886 1906 Hercule
920 1859 1212 1907 interfectus
1250 1873 1275 1906 a
1312 1857 1502 1906 Iunone
1547 1859 1691 1906 astris
1733 1855 1914 1907 inlatus

421 2028 472 2066 21
508 2026 684 2068 Catast.
716 2039 759 2078 p.
791 2027 885 2074 241,
917 2026 1070 2065 6—16

421 2182 442 2219 1
474 2181 523 2219 in
552 2181 739 2231 pectore
769 2191 907 2218 unam
942 2179 975 2219 Ο
1003 2180 1116 2232 quod
1142 2180 1322 2219 correxi
1349 2191 1408 2218 ex
1438 2176 1513 2218 ἐπὶ
1537 2178 1624 2218 τοῦ
1655 2175 1853 2228 (τήθουε
1875 2170 1914 2228 β’

306 2237 466 2279 Catast.
497 2233 516 2289 Η
543 2237 568 2275 2
600 2247 735 2279 cruce
766 2241 864 2275 ante
884 2248 998 2275 corr.
1014 2248 1087 2286 pr.
1108 2248 1159 2277 m.
1181 2231 1257 2287 ΡΗ
1277 2236 1303 2273 4
1332 2234 1529 2286 phenice
1550 2233 1592 2272 B
1618 2230 1639 2286 ss
1672 2235 1698 2273 5
1718 2238 1761 2273 et
1779 2234 1806 2273 6
1835 2232 1912 2274 uel

306 2300 348 2332 et
377 2292 498 2331 hanc
530 2297 571 2332 et
599 2291 806 2343 Iuppiter
835 2292 986 2331 addidi
1021 2287 1040 2344 Η
1078 2291 1104 2329 5
1136 2290 1321 2330 dianam
1341 2289 1384 2328 B
1419 2286 1439 2341 H
1479 2290 1505 2328 6
1533 2289 1783 2341 priusquod
1802 2288 1846 2328 B
1870 2286 1893 2398 Η

306 2351 330 2389 7
366 2347 691 2388 inmortalitati
726 2347 944 2387 miserata
975 2346 1015 2385 B
1078 2342 1097 2398 Η
1161 2346 1477 2385 submutuasse
1509 2349 1606 2385 ante
1637 2357 1751 2388 corr.
1781 2342 1825 2384 B

305 2406 331 2446 8
362 2405 476 2444 duas
507 2416 639 2444 ursas
676 2403 845 2443 fecisse
874 2404 1014 2443 deleui
1056 2399 1075 2455 Π
1121 2403 1146 2442 9
1174 2401 1440 2454 Agaphenis
1479 2401 1678 2441 Heinsius
1717 2398 1908 2450 Ἀγλαο-

304 2459 465 2511 (θένηε
497 2460 659 2500 Gatast.
709 2459 1036 2511 agluostenens
1065 2458 1107 2497 P
1142 2457 1467 2511 aglaostenens
1495 2456 1538 2495 B
1575 2453 1595 2510 ΙΙ
1638 2456 1796 2509 inquid
1827 2467 1910 2496 au-

303 2520 395 2557 tem
416 2516 459 2556 B
493 2513 513 2570 ΙΙ
553 2518 604 2557 10
634 2515 748 2555 dicit
767 2517 850 2555 del.
870 2516 1075 2555 Heinsius
1112 2510 1132 2567 ΙΙ
1172 2516 1221 2553 11
1252 2513 1452 2565 nimphis
1481 2512 1522 2553 B
1542 2509 1561 2565 Η
1589 2515 1712 2552 crete
1736 2511 1910 2552 Gdeest
1958 2530 1976 2567 s

302 2575 346 2613 in
370 2574 528 2613 Catast.
551 2569 571 2626 Η
591 2571 745 2613 Ἱετοῖε
768 2571 927 2611 Catast.
950 2571 1038 2611 iste
1055 2570 1097 2610 P
1111 2571 1230 2610 istoe
1247 2569 1319 2622 Bp
1340 2566 1358 2622 ΙΙ
1381 2571 1431 2609 12
1447 2572 1605 2622 portus
1620 2568 1662 2607 B
1681 2564 1703 2622 ΙΙ
1722 2569 1774 2608 13
1787 2567 1909 2608 haec

304 2651 359 2656 —
385 2629 516 2668 Idaei
545 2630 695 2668 desunt
724 2624 768 2667 in
796 2628 958 2668 Gatast.
999 2624 1019 2680 Η
1058 2639 1280 2676 cynosora
1308 2625 1365 2664 B¹
1404 2622 1425 2678 [Ι
1466 2626 1519 2664 14
1546 2623 1671 2664 idaei
1693 2622 1772 2675 pB
1801 2623 1909 2664 daei
1975 2636 1977 2638 ·

303 2682 380 2739 ΡΗ
402 2684 640 2736 Cynosura
668 2684 709 2723 P
744 2680 763 2737 Η
800 2683 974 2723 heliten
1002 2681 1061 2721 B¹
1083 2679 1102 2735 Η
1124 2684 1175 2722 15
1204 2681 1397 2721 nutricis
1418 2681 1461 2720 B
1497 2677 1518 2733 fl
1564 2677 1681 2731 quod
1701 2679 1932 2721 Heinsius.

304 2753 417 2792 quos
449 2741 482 2781 G
515 2737 534 2794 Η
572 2741 744 2780 honore
775 2739 942 2780 donate
971 2739 1014 2778 B
1064 2736 1073 2791 l
1120 2739 1172 2779 17.
1200 2738 1446 2777 maximum
1475 2748 1588 2776 corr.
1620 2737 1662 2774 in
1692 2731 1923 2787 maximis„

303 2797 346 2835 B
379 2794 398 2850 Η
439 2798 491 2837 18
521 2797 656 2848 sydus
678 2795 711 2835 C
738 2793 757 2849 ΙΙ
785 2808 820 2835 s.
846 2808 952 2847 app.
971 2794 1013 2834 B
1039 2791 1046 2847 Ι
1093 2796 1145 2835 19
1176 2793 1295 2845 quod
1323 2793 1480 2845 Breys.
1512 2803 1599 2843 quo
1625 2790 1659 2830 C
1688 2786 1708 2843 11
1744 2792 1799 2831 20
1826 2803 1906 2837 uo-

304 2857 466 2892 cantur
496 2853 536 2894 P
561 2854 784 2905 putantur
811 2864 923 2892 corr.
955 2852 1252 2891 iva-uocantur
1279 2849 1322 2889 B
1348 2846 1368 2902 ΙΙ
1396 2848 1532 2889 ohore
1561 2846 1604 2885 P
1640 2846 1776 2886 chore
1805 2845 1849 2886 B
1865 2841 1893 2900 ΙΙ

302 2909 354 2947 21
387 2909 443 2958 cf.
474 2922 519 2960 p.
545 2910 649 2957 393,
682 2909 735 2948 18
774 2904 793 2961 Η
832 2909 885 2947 22
916 2907 1092 2947 medius
1122 2907 1296 2959 positus
1323 2904 1366 2943 B
1413 2901 1430 2956 ΙΙ
1478 2905 1677 2944 ortorum
1706 2901 1749 2941 B
1796 2898 1817 2955 ΙΙ
