<?xml version="1.0" encoding="UTF-8"?>
<!DOCTYPE html PUBLIC "-//W3C//DTD XHTML 1.0 Transitional//EN"
    "http://www.w3.org/TR/xhtml1/DTD/xhtml1-transitional.dtd">
<html xmlns="http://www.w3.org/1999/xhtml" xml:lang="en" lang="en">
 <head>
  <title>
</title>
<meta http-equiv="Content-Type" content="text/html;charset=utf-8" />
  <meta name='ocr-system' content='tesseract 3.04.00' />
  <meta name='ocr-capabilities' content='ocr_page ocr_carea ocr_par ocr_line ocrx_word'/>
</head>
<body>
  <div class='ocr_page' id='page_1' title='image "./martianvscapella00martuoft_0462.png"; bbox 0 0 1982 3230; ppageno 0'>
   <div class='ocr_carea' id='block_1_1' title="bbox 1666 0 1982 74">
    <p class='ocr_par' dir='ltr' id='par_1_1' title="bbox 1666 0 1982 74">
     <span class='ocr_line' id='line_1_1' title="bbox 1666 0 1982 74; baseline 0 3156"><span class='ocrx_word' id='word_1_1' title='bbox 1666 0 1982 74; x_wconf 95' lang='lat' dir='ltr'><strong> </strong></span> 
     </span>
    </p>
   </div>
   <div class='ocr_carea' id='block_1_2' title="bbox 259 157 1270 211">
    <p class='ocr_par' dir='ltr' id='par_1_2' title="bbox 259 157 1270 211">
     <span class='ocr_line' id='line_1_2' title="bbox 259 157 1270 211; baseline 0.002 -13"><span class='ocrx_word' id='word_1_2' title='bbox 259 159 389 211; x_wconf 34' lang='lat'><strong>*388</strong></span> <span class='ocrx_word' id='word_1_3' title='bbox 909 157 1176 200; x_wconf 79' lang='lat' dir='ltr'><strong>soHOLIA</strong></span> <span class='ocrx_word' id='word_1_4' title='bbox 1205 159 1270 201; x_wconf 84' lang='lat' dir='ltr'><strong>IN</strong></span> 
     </span>
    </p>
   </div>
   <div class='ocr_carea' id='block_1_3' title="bbox 283 298 1957 857">
    <p class='ocr_par' dir='ltr' id='par_1_3' title="bbox 283 298 1957 857">
     <span class='ocr_line' id='line_1_3' title="bbox 286 298 1893 366; baseline 0.002 -15"><span class='ocrx_word' id='word_1_5' title='bbox 286 303 417 351; x_wconf 77' lang='lat' dir='ltr'><strong>disse</strong></span> <span class='ocrx_word' id='word_1_6' title='bbox 442 302 619 362; x_wconf 72' lang='lat' dir='ltr'><strong>quibus</strong></span> <span class='ocrx_word' id='word_1_7' title='bbox 653 301 803 348; x_wconf 89' lang='lat' dir='ltr'><strong>uitam</strong></span> <span class='ocrx_word' id='word_1_8' title='bbox 840 298 1030 348; x_wconf 87' lang='lat' dir='ltr'><strong>alerent</strong></span> <span class='ocrx_word' id='word_1_9' title='bbox 1065 300 1457 366; x_wconf 79' lang='lat' dir='ltr'><strong>aequitatemque</strong></span> <span class='ocrx_word' id='word_1_10' title='bbox 1493 302 1564 351; x_wconf 91' lang='lat' dir='ltr'><strong>eis</strong></span> <span class='ocrx_word' id='word_1_11' title='bbox 1590 305 1893 366; x_wconf 84' lang='lat' dir='ltr'><strong>praestitisse</strong></span> 
     </span>
     <span class='ocr_line' id='line_1_4' title="bbox 288 368 1893 439; baseline 0.004 -20"><span class='ocrx_word' id='word_1_12' title='bbox 288 386 345 419; x_wconf 91' lang='lat' dir='ltr'><strong>eo</strong></span> <span class='ocrx_word' id='word_1_13' title='bbox 372 368 595 426; x_wconf 88' lang='lat' dir='ltr'><strong>saeculo,</strong></span> <span class='ocrx_word' id='word_1_14' title='bbox 635 369 768 433; x_wconf 90' lang='lat' dir='ltr'><strong>quod</strong></span> <span class='ocrx_word' id='word_1_15' title='bbox 805 384 1009 419; x_wconf 88' lang='lat' dir='ltr'><strong>aureum</strong></span> <span class='ocrx_word' id='word_1_16' title='bbox 1037 369 1306 420; x_wconf 81' lang='lat' dir='ltr'><strong>dicebatur.</strong></span> <span class='ocrx_word' id='word_1_17' title='bbox 1369 369 1489 438; x_wconf 84' lang='lat' dir='ltr'><strong>&lt;sed</strong></span> <span class='ocrx_word' id='word_1_18' title='bbox 1518 378 1777 439; x_wconf 81' lang='lat' dir='ltr'><strong>postquam</strong></span> <span class='ocrx_word' id='word_1_19' title='bbox 1803 378 1893 426; x_wconf 92' lang='lat' dir='ltr'><strong>mi-</strong></span> 
     </span>
     <span class='ocr_line' id='line_1_5' title="bbox 288 439 1890 503; baseline 0.005 -15"><span class='ocrx_word' id='word_1_20' title='bbox 288 455 379 488; x_wconf 92' lang='lat' dir='ltr'><strong>nus</strong></span> <span class='ocrx_word' id='word_1_21' title='bbox 407 441 551 503; x_wconf 88' lang='lat' dir='ltr'><strong>aequi</strong></span> <span class='ocrx_word' id='word_1_22' title='bbox 592 446 757 489; x_wconf 91' lang='lat' dir='ltr'><strong>essent</strong></span> <span class='ocrx_word' id='word_1_23' title='bbox 783 439 1010 490; x_wconf 91' lang='lat' dir='ltr'><strong>homines</strong></span> <span class='ocrx_word' id='word_1_24' title='bbox 1028 480 1039 498; x_wconf 95' lang='lat'>‚</span> <span class='ocrx_word' id='word_1_25' title='bbox 1075 442 1275 491; x_wconf 92' lang='lat' dir='ltr'><strong>minime</strong></span> <span class='ocrx_word' id='word_1_26' title='bbox 1302 456 1414 490; x_wconf 90' lang='lat' dir='ltr'><strong>cum</strong></span> <span class='ocrx_word' id='word_1_27' title='bbox 1437 443 1507 492; x_wconf 92' lang='lat' dir='ltr'><strong>eis</strong></span> <span class='ocrx_word' id='word_1_28' title='bbox 1534 451 1890 496; x_wconf 88' lang='lat' dir='ltr'><strong>conuersatam.</strong></span> 
     </span>
     <span class='ocr_line' id='line_1_6' title="bbox 285 510 1893 573; baseline 0.004 -14"><span class='ocrx_word' id='word_1_29' title='bbox 285 516 545 573; x_wconf 86' lang='lat' dir='ltr'><strong>postquam</strong></span> <span class='ocrx_word' id='word_1_30' title='bbox 571 525 693 559; x_wconf 89' lang='lat' dir='ltr'><strong>uero</strong></span> <span class='ocrx_word' id='word_1_31' title='bbox 720 510 974 559; x_wconf 91' lang='lat' dir='ltr'><strong>hominum</strong></span> <span class='ocrx_word' id='word_1_32' title='bbox 1004 526 1167 560; x_wconf 90' lang='lat' dir='ltr'><strong>mores</strong></span> <span class='ocrx_word' id='word_1_33' title='bbox 1194 512 1243 559; x_wconf 92' lang='lat' dir='ltr'><strong>in</strong></span> <span class='ocrx_word' id='word_1_34' title='bbox 1270 512 1487 561; x_wconf 90' lang='lat' dir='ltr'><strong>deterius</strong></span> <span class='ocrx_word' id='word_1_35' title='bbox 1509 515 1644 562; x_wconf 90' lang='lat' dir='ltr'><strong>uersi</strong></span> <span class='ocrx_word' id='word_1_36' title='bbox 1670 522 1811 572; x_wconf 89' lang='lat' dir='ltr'><strong>sunt,</strong></span> <span class='ocrx_word' id='word_1_37' title='bbox 1840 517 1893 565; x_wconf 92' lang='lat' dir='ltr'><strong>in</strong></span> 
     </span>
     <span class='ocr_line' id='line_1_7' title="bbox 287 580 1957 650; baseline 0.002 -22"><span class='ocrx_word' id='word_1_38' title='bbox 287 586 387 628; x_wconf 83' lang='lat' dir='ltr'><strong>toto</strong></span> <span class='ocrx_word' id='word_1_39' title='bbox 413 594 466 629; x_wconf 88' lang='lat' dir='ltr'><strong>se</strong></span> <span class='ocrx_word' id='word_1_40' title='bbox 493 595 519 628; x_wconf 92' lang='lat' dir='ltr'><strong>e</strong></span> <span class='ocrx_word' id='word_1_41' title='bbox 555 582 704 629; x_wconf 86' lang='lat' dir='ltr'><strong>terris</strong></span> <span class='ocrx_word' id='word_1_42' title='bbox 730 580 931 630; x_wconf 88' lang='lat' dir='ltr'><strong>abstulit</strong></span> <span class='ocrx_word' id='word_1_43' title='bbox 958 587 1006 630; x_wconf 88' lang='lat' dir='ltr'><strong>et</strong></span> <span class='ocrx_word' id='word_1_44' title='bbox 1041 583 1089 629; x_wconf 93' lang='lat' dir='ltr'><strong>in</strong></span> <span class='ocrx_word' id='word_1_45' title='bbox 1119 597 1174 631; x_wconf 90' lang='lat' dir='ltr'><strong>ea</strong></span> <span class='ocrx_word' id='word_1_46' title='bbox 1203 588 1340 645; x_wconf 89' lang='lat' dir='ltr'><strong>parte</strong></span> <span class='ocrx_word' id='word_1_47' title='bbox 1377 581 1496 632; x_wconf 91' lang='lat' dir='ltr'><strong>caeli</strong></span> <span class='ocrx_word' id='word_1_48' title='bbox 1522 583 1761 634; x_wconf 88' lang='lat' dir='ltr'><strong>habitauit</strong></span> <span class='ocrx_word' id='word_1_49' title='bbox 1797 600 1892 650; x_wconf 90' lang='lat' dir='ltr'><strong>qua</strong></span> <span class='ocrx_word' id='word_1_50' title='bbox 1936 598 1957 632; x_wconf 88' lang='lat'><strong>5</strong></span> 
     </span>
     <span class='ocr_line' id='line_1_8' title="bbox 285 650 1891 720; baseline 0.004 -21"><span class='ocrx_word' id='word_1_51' title='bbox 285 656 333 699; x_wconf 91' lang='lat' dir='ltr'><strong>et</strong></span> <span class='ocrx_word' id='word_1_52' title='bbox 366 665 498 699; x_wconf 91' lang='lat' dir='ltr'><strong>nunc</strong></span> <span class='ocrx_word' id='word_1_53' title='bbox 534 657 770 700; x_wconf 88' lang='lat' dir='ltr'><strong>moratur.</strong></span> <span class='ocrx_word' id='word_1_54' title='bbox 849 650 929 700; x_wconf 91' lang='lat' dir='ltr'><strong>alii</strong></span> <span class='ocrx_word' id='word_1_55' title='bbox 975 651 1141 700; x_wconf 89' lang='lat' dir='ltr'><strong>dicunt</strong></span> <span class='ocrx_word' id='word_1_56' title='bbox 1187 667 1293 701; x_wconf 90' lang='lat' dir='ltr'><strong>eam</strong></span> <span class='ocrx_word' id='word_1_57' title='bbox 1342 667 1448 702; x_wconf 90' lang='lat' dir='ltr'><strong>esse</strong></span> <span class='ocrx_word' id='word_1_58' title='bbox 1484 653 1715 704; x_wconf 85' lang='lat' dir='ltr'><strong>Cererem</strong></span> <span class='ocrx_word' id='word_1_59' title='bbox 1761 655 1891 720; x_wconf 89' lang='lat' dir='ltr'><strong>quod</strong></span> 
     </span>
     <span class='ocr_line' id='line_1_9' title="bbox 283 721 1890 788; baseline 0.004 -19"><span class='ocrx_word' id='word_1_60' title='bbox 283 721 444 785; x_wconf 88' lang='lat' dir='ltr'><strong>spicas</strong></span> <span class='ocrx_word' id='word_1_61' title='bbox 471 727 650 771; x_wconf 88' lang='lat' dir='ltr'><strong>teneat.</strong></span> <span class='ocrx_word' id='word_1_62' title='bbox 690 721 767 770; x_wconf 88' lang='lat' dir='ltr'><strong>alii</strong></span> <span class='ocrx_word' id='word_1_63' title='bbox 795 722 1064 783; x_wconf 81' lang='lat' dir='ltr'><strong>Atargatin.</strong></span> <span class='ocrx_word' id='word_1_64' title='bbox 1093 722 1172 771; x_wconf 89' lang='lat' dir='ltr'><strong>alii</strong></span> <span class='ocrx_word' id='word_1_65' title='bbox 1195 722 1480 777; x_wconf 82' lang='lat' dir='ltr'><strong>Fortunam.</strong></span> <span class='ocrx_word' id='word_1_66' title='bbox 1520 723 1583 772; x_wconf 89' lang='lat' dir='ltr'><strong>ob</strong></span> <span class='ocrx_word' id='word_1_67' title='bbox 1610 740 1756 788; x_wconf 90' lang='lat' dir='ltr'><strong>quam</strong></span> <span class='ocrx_word' id='word_1_68' title='bbox 1783 741 1890 775; x_wconf 89' lang='lat' dir='ltr'><strong>rem</strong></span> 
     </span>
     <span class='ocr_line' id='line_1_10' title="bbox 283 791 1891 857; baseline 0.005 -20"><span class='ocrx_word' id='word_1_69' title='bbox 283 793 390 840; x_wconf 91' lang='lat' dir='ltr'><strong>sine</strong></span> <span class='ocrx_word' id='word_1_70' title='bbox 416 792 578 854; x_wconf 92' lang='lat' dir='ltr'><strong>capite</strong></span> <span class='ocrx_word' id='word_1_71' title='bbox 614 793 757 840; x_wconf 90' lang='lat' dir='ltr'><strong>astris</strong></span> <span class='ocrx_word' id='word_1_72' title='bbox 783 791 1055 857; x_wconf 79' lang='lat' dir='ltr'><strong>refertur.)</strong></span> <span class='ocrx_word' id='word_1_73' title='bbox 1103 792 1326 856; x_wconf 85' lang='lat' dir='ltr'><strong>Nigidius</strong></span> <span class='ocrx_word' id='word_1_74' title='bbox 1353 794 1412 842; x_wconf 93' lang='lat' dir='ltr'><strong>de</strong></span> <span class='ocrx_word' id='word_1_75' title='bbox 1440 793 1696 844; x_wconf 88' lang='lat' dir='ltr'>VIRGINE</span> <span class='ocrx_word' id='word_1_76' title='bbox 1721 796 1785 845; x_wconf 92' lang='lat' dir='ltr'><strong>ita</strong></span> <span class='ocrx_word' id='word_1_77' title='bbox 1811 811 1891 845; x_wconf 90' lang='lat' dir='ltr'><strong>re-</strong></span> 
     </span>
    </p>
   </div>
   <div class='ocr_carea' id='block_1_4' title="bbox 156 861 1890 929">
    <p class='ocr_par' dir='ltr' id='par_1_4' title="bbox 156 861 1890 929">
     <span class='ocr_line' id='line_1_11' title="bbox 156 861 1890 929; baseline 0.003 -20"><span class='ocrx_word' id='word_1_78' title='bbox 156 861 263 902; x_wconf 84' lang='grc' dir='ltr'><strong>48Β</strong></span> <span class='ocrx_word' id='word_1_79' title='bbox 287 861 407 910; x_wconf 87' lang='lat' dir='ltr'><strong>fert:</strong></span> <span class='ocrx_word' id='word_1_80' title='bbox 435 862 680 923; x_wconf 86' lang='lat' dir='ltr'><strong>uirginem</strong></span> <span class='ocrx_word' id='word_1_81' title='bbox 699 862 937 911; x_wconf 84' lang='lat' dir='ltr'><strong>Iustitiam</strong></span> <span class='ocrx_word' id='word_1_82' title='bbox 967 863 1062 910; x_wconf 86' lang='lat' dir='ltr'><strong>dici</strong></span> <span class='ocrx_word' id='word_1_83' title='bbox 1089 863 1194 912; x_wconf 88' lang='lat' dir='ltr'><strong>siue</strong></span> <span class='ocrx_word' id='word_1_84' title='bbox 1222 864 1533 925; x_wconf 86' lang='lat' dir='ltr'><strong>aequitatem.</strong></span> <span class='ocrx_word' id='word_1_85' title='bbox 1562 880 1685 929; x_wconf 89' lang='lat' dir='ltr'><strong>quae</strong></span> <span class='ocrx_word' id='word_1_86' title='bbox 1713 865 1774 914; x_wconf 92' lang='lat' dir='ltr'><strong>ab</strong></span> <span class='ocrx_word' id='word_1_87' title='bbox 1800 865 1890 915; x_wconf 90' lang='lat' dir='ltr'><strong>ho-</strong></span> 
     </span>
    </p>
   </div>
   <div class='ocr_carea' id='block_1_5' title="bbox 276 930 1972 2260">
    <p class='ocr_par' dir='ltr' id='par_1_5' title="bbox 276 930 1972 2260">
     <span class='ocr_line' id='line_1_12' title="bbox 283 930 1954 998; baseline 0.002 -19"><span class='ocrx_word' id='word_1_88' title='bbox 283 930 498 981; x_wconf 89' lang='lat' dir='ltr'><strong>minibus</strong></span> <span class='ocrx_word' id='word_1_89' title='bbox 542 933 805 981; x_wconf 79' lang='lat' dir='ltr'><strong>recesserit</strong></span> <span class='ocrx_word' id='word_1_90' title='bbox 840 937 887 981; x_wconf 89' lang='lat' dir='ltr'><strong>et</strong></span> <span class='ocrx_word' id='word_1_91' title='bbox 924 932 983 980; x_wconf 91' lang='lat' dir='ltr'><strong>ad</strong></span> <span class='ocrx_word' id='word_1_92' title='bbox 1029 933 1313 982; x_wconf 90' lang='lat' dir='ltr'><strong>inmortales</strong></span> <span class='ocrx_word' id='word_1_93' title='bbox 1359 935 1535 982; x_wconf 90' lang='lat' dir='ltr'><strong>merito</strong></span> <span class='ocrx_word' id='word_1_94' title='bbox 1586 937 1886 998; x_wconf 87' lang='lat' dir='ltr'><strong>peruenerit.</strong></span> <span class='ocrx_word' id='word_1_95' title='bbox 1911 949 1954 982; x_wconf 87' lang='lat'><strong>10</strong></span> 
     </span>
     <span class='ocr_line' id='line_1_13' title="bbox 285 1002 1888 1058; baseline 0.004 -9"><span class='ocrx_word' id='word_1_96' title='bbox 285 1017 395 1050; x_wconf 91' lang='lat' dir='ltr'><strong>cum</strong></span> <span class='ocrx_word' id='word_1_97' title='bbox 421 1003 548 1052; x_wconf 90' lang='lat' dir='ltr'><strong>inter</strong></span> <span class='ocrx_word' id='word_1_98' title='bbox 575 1002 808 1051; x_wconf 87' lang='lat' dir='ltr'><strong>mortales</strong></span> <span class='ocrx_word' id='word_1_99' title='bbox 835 1003 1146 1058; x_wconf 87' lang='lat' dir='ltr'><strong>conueniret,</strong></span> <span class='ocrx_word' id='word_1_100' title='bbox 1175 1002 1404 1051; x_wconf 90' lang='lat' dir='ltr'><strong>omnibus</strong></span> <span class='ocrx_word' id='word_1_101' title='bbox 1438 1003 1561 1053; x_wconf 89' lang='lat' dir='ltr'><strong>locis</strong></span> <span class='ocrx_word' id='word_1_102' title='bbox 1587 1005 1888 1056; x_wconf 71' lang='lat' dir='ltr'><strong>conciliabu-</strong></span> 
     </span>
     <span class='ocr_line' id='line_1_14' title="bbox 282 1071 1890 1136; baseline 0.004 -17"><span class='ocrx_word' id='word_1_103' title='bbox 282 1071 439 1136; x_wconf 89' lang='lat' dir='ltr'><strong>lisque</strong></span> <span class='ocrx_word' id='word_1_104' title='bbox 485 1071 677 1121; x_wconf 88' lang='lat' dir='ltr'><strong>solitam</strong></span> <span class='ocrx_word' id='word_1_105' title='bbox 723 1074 997 1121; x_wconf 85' lang='lat' dir='ltr'><strong>consistere</strong></span> <span class='ocrx_word' id='word_1_106' title='bbox 1043 1080 1091 1120; x_wconf 90' lang='lat' dir='ltr'><strong>et</strong></span> <span class='ocrx_word' id='word_1_107' title='bbox 1142 1074 1433 1136; x_wconf 86' lang='lat' dir='ltr'><strong>praecipere</strong></span> <span class='ocrx_word' id='word_1_108' title='bbox 1475 1073 1782 1132; x_wconf 81' lang='lat' dir='ltr'><strong>hominibuS,</strong></span> <span class='ocrx_word' id='word_1_109' title='bbox 1827 1090 1890 1125; x_wconf 85' lang='lat' dir='ltr'><strong>ne</strong></span> 
     </span>
     <span class='ocr_line' id='line_1_15' title="bbox 283 1142 1891 1208; baseline 0.003 -18"><span class='ocrx_word' id='word_1_110' title='bbox 283 1150 469 1192; x_wconf 89' lang='lat' dir='ltr'><strong>temere</strong></span> <span class='ocrx_word' id='word_1_111' title='bbox 496 1142 556 1191; x_wconf 90' lang='lat' dir='ltr'><strong>ab</strong></span> <span class='ocrx_word' id='word_1_112' title='bbox 586 1144 830 1207; x_wconf 88' lang='lat' dir='ltr'><strong>aequitate</strong></span> <span class='ocrx_word' id='word_1_113' title='bbox 867 1148 1012 1207; x_wconf 88' lang='lat' dir='ltr'><strong>atque</strong></span> <span class='ocrx_word' id='word_1_114' title='bbox 1038 1143 1219 1192; x_wconf 87' lang='lat' dir='ltr'><strong>iustitia</strong></span> <span class='ocrx_word' id='word_1_115' title='bbox 1246 1143 1570 1192; x_wconf 87' lang='lat' dir='ltr'><strong>discederent.</strong></span> <span class='ocrx_word' id='word_1_116' title='bbox 1635 1159 1781 1208; x_wconf 89' lang='lat' dir='ltr'><strong>quam</strong></span> <span class='ocrx_word' id='word_1_117' title='bbox 1807 1145 1891 1195; x_wconf 89' lang='lat' dir='ltr'><strong>diu</strong></span> 
     </span>
     <span class='ocr_line' id='line_1_16' title="bbox 283 1212 1891 1270; baseline 0.002 -9"><span class='ocrx_word' id='word_1_118' title='bbox 283 1212 520 1262; x_wconf 85' lang='lat' dir='ltr'><strong>mortales</strong></span> <span class='ocrx_word' id='word_1_119' title='bbox 548 1215 744 1263; x_wconf 90' lang='lat' dir='ltr'><strong>monitis</strong></span> <span class='ocrx_word' id='word_1_120' title='bbox 771 1213 1070 1270; x_wconf 85' lang='lat' dir='ltr'><strong>obedissent,</strong></span> <span class='ocrx_word' id='word_1_121' title='bbox 1109 1219 1207 1261; x_wconf 92' lang='lat' dir='ltr'><strong>tam</strong></span> <span class='ocrx_word' id='word_1_122' title='bbox 1236 1213 1318 1261; x_wconf 90' lang='lat' dir='ltr'><strong>diu</strong></span> <span class='ocrx_word' id='word_1_123' title='bbox 1344 1216 1399 1262; x_wconf 77' lang='lat' dir='ltr'><strong>in</strong></span> <span class='ocrx_word' id='word_1_124' title='bbox 1425 1215 1523 1262; x_wconf 86' lang='lat' dir='ltr'><strong>uita</strong></span> <span class='ocrx_word' id='word_1_125' title='bbox 1558 1215 1664 1264; x_wconf 91' lang='lat' dir='ltr'><strong>sine</strong></span> <span class='ocrx_word' id='word_1_126' title='bbox 1690 1230 1807 1266; x_wconf 86' lang='lat' dir='ltr'><strong>cura</strong></span> <span class='ocrx_word' id='word_1_127' title='bbox 1833 1231 1891 1264; x_wconf 88' lang='lat' dir='ltr'><strong>ac</strong></span> 
     </span>
     <span class='ocr_line' id='line_1_17' title="bbox 280 1282 1953 1348; baseline 0.003 -19"><span class='ocrx_word' id='word_1_128' title='bbox 280 1282 609 1332; x_wconf 83' lang='lat' dir='ltr'><strong>sollicitudine</strong></span> <span class='ocrx_word' id='word_1_129' title='bbox 630 1284 837 1332; x_wconf 85' lang='lat' dir='ltr'><strong>futuros.</strong></span> <span class='ocrx_word' id='word_1_130' title='bbox 878 1284 961 1332; x_wconf 91' lang='lat' dir='ltr'><strong>sed</strong></span> <span class='ocrx_word' id='word_1_131' title='bbox 985 1298 1096 1332; x_wconf 90' lang='lat' dir='ltr'><strong>cum</strong></span> <span class='ocrx_word' id='word_1_132' title='bbox 1120 1282 1460 1347; x_wconf 84' lang='lat' dir='ltr'><strong>neglegentius</strong></span> <span class='ocrx_word' id='word_1_133' title='bbox 1486 1286 1778 1348; x_wconf 74' lang='lat' dir='ltr'><strong>aequitatem</strong></span> <span class='ocrx_word' id='word_1_134' title='bbox 1800 1284 1886 1334; x_wconf 89' lang='lat' dir='ltr'><strong>oh·</strong></span> <span class='ocrx_word' id='word_1_135' title='bbox 1911 1297 1953 1331; x_wconf 81' lang='lat'><strong>15</strong></span> 
     </span>
     <span class='ocr_line' id='line_1_18' title="bbox 282 1353 1888 1417; baseline 0.003 -17"><span class='ocrx_word' id='word_1_136' title='bbox 282 1359 543 1403; x_wconf 87' lang='lat' dir='ltr'><strong>seruarent</strong></span> <span class='ocrx_word' id='word_1_137' title='bbox 568 1357 620 1403; x_wconf 75' lang='lat' dir='ltr'><strong>in</strong></span> <span class='ocrx_word' id='word_1_138' title='bbox 648 1354 944 1417; x_wconf 85' lang='lat' dir='ltr'><strong>insidiasque</strong></span> <span class='ocrx_word' id='word_1_139' title='bbox 972 1353 1322 1412; x_wconf 86' lang='lat' dir='ltr'><strong>declinassent,</strong></span> <span class='ocrx_word' id='word_1_140' title='bbox 1362 1354 1628 1417; x_wconf 87' lang='lat' dir='ltr'><strong>cupiditate</strong></span> <span class='ocrx_word' id='word_1_141' title='bbox 1656 1362 1703 1404; x_wconf 89' lang='lat' dir='ltr'><strong>et</strong></span> <span class='ocrx_word' id='word_1_142' title='bbox 1728 1357 1888 1405; x_wconf 87' lang='lat' dir='ltr'><strong>auari-</strong></span> 
     </span>
     <span class='ocr_line' id='line_1_19' title="bbox 282 1423 1885 1487; baseline 0.002 -17"><span class='ocrx_word' id='word_1_143' title='bbox 282 1424 348 1471; x_wconf 90' lang='lat' dir='ltr'><strong>tia</strong></span> <span class='ocrx_word' id='word_1_144' title='bbox 389 1423 512 1472; x_wconf 88' lang='lat' dir='ltr'><strong>alter</strong></span> <span class='ocrx_word' id='word_1_145' title='bbox 554 1423 761 1473; x_wconf 90' lang='lat' dir='ltr'><strong>alterum</strong></span> <span class='ocrx_word' id='word_1_146' title='bbox 800 1424 1110 1487; x_wconf 87' lang='lat' dir='ltr'><strong>deciperent,</strong></span> <span class='ocrx_word' id='word_1_147' title='bbox 1164 1423 1224 1472; x_wconf 90' lang='lat' dir='ltr'><strong>ab</strong></span> <span class='ocrx_word' id='word_1_148' title='bbox 1263 1423 1546 1473; x_wconf 85' lang='lat' dir='ltr'><strong>hominibus</strong></span> <span class='ocrx_word' id='word_1_149' title='bbox 1584 1424 1885 1475; x_wconf 87' lang='lat' dir='ltr'><strong>discessisse.</strong></span> 
     </span>
     <span class='ocr_line' id='line_1_20' title="bbox 283 1492 1887 1559; baseline 0.002 -18"><span class='ocrx_word' id='word_1_150' title='bbox 283 1493 429 1556; x_wconf 84' lang='lat' dir='ltr'><strong>digna</strong></span> <span class='ocrx_word' id='word_1_151' title='bbox 458 1493 656 1543; x_wconf 86' lang='lat' dir='ltr'><strong>caelesti</strong></span> <span class='ocrx_word' id='word_1_152' title='bbox 683 1508 890 1543; x_wconf 89' lang='lat' dir='ltr'><strong>numero</strong></span> <span class='ocrx_word' id='word_1_153' title='bbox 918 1492 1174 1541; x_wconf 88' lang='lat' dir='ltr'><strong>inmortale</strong></span> <span class='ocrx_word' id='word_1_154' title='bbox 1199 1494 1473 1556; x_wconf 87' lang='lat' dir='ltr'><strong>praemium</strong></span> <span class='ocrx_word' id='word_1_155' title='bbox 1502 1494 1694 1557; x_wconf 87' lang='lat' dir='ltr'><strong>pietatis</strong></span> <span class='ocrx_word' id='word_1_156' title='bbox 1719 1509 1887 1559; x_wconf 88' lang='lat' dir='ltr'><strong>posse-</strong></span> 
     </span>
     <span class='ocr_line' id='line_1_21' title="bbox 282 1563 1886 1628; baseline 0.001 -17"><span class='ocrx_word' id='word_1_157' title='bbox 282 1563 365 1612; x_wconf 88' lang='lat' dir='ltr'><strong>dit.</strong></span> <span class='ocrx_word' id='word_1_158' title='bbox 407 1569 521 1613; x_wconf 92' lang='lat' dir='ltr'><strong>sunt</strong></span> <span class='ocrx_word' id='word_1_159' title='bbox 541 1565 623 1628; x_wconf 92' lang='lat' dir='ltr'><strong>qui</strong></span> <span class='ocrx_word' id='word_1_160' title='bbox 642 1563 782 1612; x_wconf 89' lang='lat' dir='ltr'><strong>aliter</strong></span> <span class='ocrx_word' id='word_1_161' title='bbox 804 1570 1093 1612; x_wconf 88' lang='lat' dir='ltr'><strong>memorent.</strong></span> <span class='ocrx_word' id='word_1_162' title='bbox 1140 1563 1386 1626; x_wconf 86' lang='lat' dir='ltr'><strong>Erigonen</strong></span> <span class='ocrx_word' id='word_1_163' title='bbox 1399 1563 1744 1613; x_wconf 88' lang='lat' dir='ltr'><strong>Atheniensem</strong></span> <span class='ocrx_word' id='word_1_164' title='bbox 1763 1563 1886 1614; x_wconf 91' lang='lat' dir='ltr'><strong>Icari</strong></span> 
     </span>
     <span class='ocr_line' id='line_1_22' title="bbox 282 1632 1951 1698; baseline -0.001 -17"><span class='ocrx_word' id='word_1_165' title='bbox 282 1632 427 1681; x_wconf 88' lang='lat' dir='ltr'><strong>filiam</strong></span> <span class='ocrx_word' id='word_1_166' title='bbox 458 1633 621 1682; x_wconf 85' lang='lat' dir='ltr'><strong>fuisse.</strong></span> <span class='ocrx_word' id='word_1_167' title='bbox 656 1634 787 1698; x_wconf 91' lang='lat' dir='ltr'><strong>quod</strong></span> <span class='ocrx_word' id='word_1_168' title='bbox 815 1649 925 1682; x_wconf 89' lang='lat' dir='ltr'><strong>cum</strong></span> <span class='ocrx_word' id='word_1_169' title='bbox 954 1632 1100 1681; x_wconf 88' lang='lat' dir='ltr'><strong>Liber</strong></span> <span class='ocrx_word' id='word_1_170' title='bbox 1127 1634 1383 1681; x_wconf 87' lang='lat' dir='ltr'><strong>inuentum</strong></span> <span class='ocrx_word' id='word_1_171' title='bbox 1410 1648 1551 1682; x_wconf 92' lang='lat' dir='ltr'><strong>suum</strong></span> <span class='ocrx_word' id='word_1_172' title='bbox 1579 1635 1748 1683; x_wconf 90' lang='lat' dir='ltr'><strong>uinum</strong></span> <span class='ocrx_word' id='word_1_173' title='bbox 1774 1648 1886 1683; x_wconf 89' lang='lat' dir='ltr'><strong>sua·</strong></span> <span class='ocrx_word' id='word_1_174' title='bbox 1909 1646 1951 1680; x_wconf 82' lang='lat'><strong>20</strong></span> 
     </span>
     <span class='ocr_line' id='line_1_23' title="bbox 281 1702 1888 1758; baseline 0.001 -7"><span class='ocrx_word' id='word_1_175' title='bbox 281 1704 432 1752; x_wconf 89' lang='lat' dir='ltr'><strong>uitate</strong></span> <span class='ocrx_word' id='word_1_176' title='bbox 457 1705 587 1752; x_wconf 90' lang='lat' dir='ltr'><strong>inter</strong></span> <span class='ocrx_word' id='word_1_177' title='bbox 614 1703 846 1752; x_wconf 84' lang='lat' dir='ltr'><strong>mortales</strong></span> <span class='ocrx_word' id='word_1_178' title='bbox 883 1702 1191 1758; x_wconf 89' lang='lat' dir='ltr'><strong>inlustraret,</strong></span> <span class='ocrx_word' id='word_1_179' title='bbox 1231 1704 1442 1752; x_wconf 88' lang='lat' dir='ltr'><strong>ueritum</strong></span> <span class='ocrx_word' id='word_1_180' title='bbox 1471 1718 1531 1752; x_wconf 91' lang='lat' dir='ltr'><strong>ne</strong></span> <span class='ocrx_word' id='word_1_181' title='bbox 1558 1719 1668 1752; x_wconf 91' lang='lat' dir='ltr'><strong>cum</strong></span> <span class='ocrx_word' id='word_1_182' title='bbox 1695 1703 1888 1753; x_wconf 90' lang='lat' dir='ltr'><strong>ciuibus</strong></span> 
     </span>
     <span class='ocr_line' id='line_1_24' title="bbox 284 1771 1887 1836; baseline 0.001 -14"><span class='ocrx_word' id='word_1_183' title='bbox 284 1774 384 1822; x_wconf 90' lang='lat' dir='ltr'><strong>suis</strong></span> <span class='ocrx_word' id='word_1_184' title='bbox 411 1773 672 1823; x_wconf 88' lang='lat' dir='ltr'><strong>obtulisset</strong></span> <span class='ocrx_word' id='word_1_185' title='bbox 700 1774 891 1836; x_wconf 85' lang='lat' dir='ltr'><strong>saporis</strong></span> <span class='ocrx_word' id='word_1_186' title='bbox 917 1771 1234 1829; x_wconf 88' lang='lat' dir='ltr'><strong>nobilitatem,</strong></span> <span class='ocrx_word' id='word_1_187' title='bbox 1265 1772 1512 1822; x_wconf 87' lang='lat' dir='ltr'><strong>ebrietatis</strong></span> <span class='ocrx_word' id='word_1_188' title='bbox 1538 1773 1887 1823; x_wconf 87' lang='lat' dir='ltr'><strong>iucunditatem</strong></span> 
     </span>
     <span class='ocr_line' id='line_1_25' title="bbox 281 1842 1884 1907; baseline 0 -15"><span class='ocrx_word' id='word_1_189' title='bbox 281 1844 642 1893; x_wconf 88' lang='lat' dir='ltr'><strong>arbitrarentur</strong></span> <span class='ocrx_word' id='word_1_190' title='bbox 670 1842 979 1900; x_wconf 81' lang='lat' dir='ltr'><strong>maleficium,</strong></span> <span class='ocrx_word' id='word_1_191' title='bbox 1008 1844 1252 1907; x_wconf 87' lang='lat' dir='ltr'><strong>persuasit</strong></span> <span class='ocrx_word' id='word_1_192' title='bbox 1272 1843 1427 1892; x_wconf 91' lang='lat' dir='ltr'><strong>Icario</strong></span> <span class='ocrx_word' id='word_1_193' title='bbox 1455 1844 1749 1893; x_wconf 90' lang='lat' dir='ltr'><strong>amicissimo</strong></span> <span class='ocrx_word' id='word_1_194' title='bbox 1774 1843 1884 1900; x_wconf 90' lang='lat' dir='ltr'><strong>sibi,</strong></span> 
     </span>
     <span class='ocr_line' id='line_1_26' title="bbox 282 1911 1884 1978; baseline 0.001 -18"><span class='ocrx_word' id='word_1_195' title='bbox 282 1920 334 1961; x_wconf 91' lang='lat' dir='ltr'><strong>ut</strong></span> <span class='ocrx_word' id='word_1_196' title='bbox 369 1916 411 1962; x_wconf 90' lang='lat' dir='ltr'><strong>is</strong></span> <span class='ocrx_word' id='word_1_197' title='bbox 447 1914 632 1974; x_wconf 83' lang='lat' dir='ltr'><strong>inferre</strong></span> <span class='ocrx_word' id='word_1_198' title='bbox 667 1915 716 1962; x_wconf 91' lang='lat' dir='ltr'><strong>in</strong></span> <span class='ocrx_word' id='word_1_199' title='bbox 754 1914 1004 1963; x_wconf 89' lang='lat' dir='ltr'><strong>ciuitatem</strong></span> <span class='ocrx_word' id='word_1_200' title='bbox 1039 1913 1177 1962; x_wconf 87' lang='lat' dir='ltr'><strong>suam</strong></span> <span class='ocrx_word' id='word_1_201' title='bbox 1213 1911 1359 1962; x_wconf 91' lang='lat' dir='ltr'><strong>uellet</strong></span> <span class='ocrx_word' id='word_1_202' title='bbox 1403 1912 1523 1978; x_wconf 85' lang='lat' dir='ltr'><strong>[hoc</strong></span> <span class='ocrx_word' id='word_1_203' title='bbox 1560 1919 1634 1962; x_wconf 91' lang='lat' dir='ltr'><strong>est</strong></span> <span class='ocrx_word' id='word_1_204' title='bbox 1669 1912 1884 1978; x_wconf 64' lang='lat' dir='ltr'><strong>uinum}</strong></span> 
     </span>
     <span class='ocr_line' id='line_1_27' title="bbox 276 1982 1951 2047; baseline 0.001 -15"><span class='ocrx_word' id='word_1_205' title='bbox 276 1985 409 2047; x_wconf 82' lang='lat' dir='ltr'><strong>quod</strong></span> <span class='ocrx_word' id='word_1_206' title='bbox 449 1990 496 2033; x_wconf 92' lang='lat' dir='ltr'><strong>et</strong></span> <span class='ocrx_word' id='word_1_207' title='bbox 530 1982 690 2033; x_wconf 88' lang='lat' dir='ltr'><strong>libens</strong></span> <span class='ocrx_word' id='word_1_208' title='bbox 717 1985 873 2032; x_wconf 89' lang='lat' dir='ltr'><strong>amico</strong></span> <span class='ocrx_word' id='word_1_209' title='bbox 899 1984 1083 2043; x_wconf 86' lang='lat' dir='ltr'><strong>Icarius</strong></span> <span class='ocrx_word' id='word_1_210' title='bbox 1121 1983 1229 2032; x_wconf 87' lang='lat' dir='ltr'><strong>tulit</strong></span> <span class='ocrx_word' id='word_1_211' title='bbox 1265 1989 1312 2032; x_wconf 92' lang='lat' dir='ltr'><strong>et</strong></span> <span class='ocrx_word' id='word_1_212' title='bbox 1346 1982 1596 2032; x_wconf 87' lang='lat' dir='ltr'><strong>distribuit</strong></span> <span class='ocrx_word' id='word_1_213' title='bbox 1637 1984 1686 2032; x_wconf 88' lang='lat' dir='ltr'><strong>in</strong></span> <span class='ocrx_word' id='word_1_214' title='bbox 1711 1983 1884 2033; x_wconf 90' lang='lat' dir='ltr'><strong>Attice.</strong></span> <span class='ocrx_word' id='word_1_215' title='bbox 1908 1993 1951 2027; x_wconf 78' lang='lat'><strong>25</strong></span> 
     </span>
     <span class='ocr_line' id='line_1_28' title="bbox 280 2052 1888 2116; baseline 0.001 -15"><span class='ocrx_word' id='word_1_216' title='bbox 280 2053 330 2101; x_wconf 91' lang='lat' dir='ltr'><strong>hi</strong></span> <span class='ocrx_word' id='word_1_217' title='bbox 358 2054 485 2116; x_wconf 89' lang='lat' dir='ltr'><strong>capti</strong></span> <span class='ocrx_word' id='word_1_218' title='bbox 511 2053 764 2103; x_wconf 87' lang='lat' dir='ltr'><strong>nobilitate</strong></span> <span class='ocrx_word' id='word_1_219' title='bbox 790 2055 892 2102; x_wconf 91' lang='lat' dir='ltr'><strong>uini</strong></span> <span class='ocrx_word' id='word_1_220' title='bbox 927 2052 1164 2115; x_wconf 87' lang='lat' dir='ltr'><strong>languore</strong></span> <span class='ocrx_word' id='word_1_221' title='bbox 1199 2052 1359 2102; x_wconf 90' lang='lat' dir='ltr'><strong>subito</strong></span> <span class='ocrx_word' id='word_1_222' title='bbox 1387 2052 1700 2108; x_wconf 84' lang='lat' dir='ltr'><strong>uacillanteS,</strong></span> <span class='ocrx_word' id='word_1_223' title='bbox 1738 2054 1888 2102; x_wconf 88' lang='lat' dir='ltr'><strong>ueriti</strong></span> 
     </span>
     <span class='ocr_line' id='line_1_29' title="bbox 281 2121 1886 2188; baseline 0.001 -18"><span class='ocrx_word' id='word_1_224' title='bbox 281 2137 342 2171; x_wconf 90' lang='lat' dir='ltr'><strong>ne</strong></span> <span class='ocrx_word' id='word_1_225' title='bbox 369 2138 469 2170; x_wconf 90' lang='lat' dir='ltr'><strong>non</strong></span> <span class='ocrx_word' id='word_1_226' title='bbox 496 2123 750 2185; x_wconf 82' lang='lat' dir='ltr'><strong>augendae</strong></span> <span class='ocrx_word' id='word_1_227' title='bbox 778 2123 1045 2186; x_wconf 90' lang='lat' dir='ltr'><strong>uoluptatis</strong></span> <span class='ocrx_word' id='word_1_228' title='bbox 1063 2123 1149 2171; x_wconf 91' lang='lat' dir='ltr'><strong>sed</strong></span> <span class='ocrx_word' id='word_1_229' title='bbox 1171 2122 1464 2171; x_wconf 89' lang='lat' dir='ltr'><strong>minuendae</strong></span> <span class='ocrx_word' id='word_1_230' title='bbox 1490 2121 1785 2172; x_wconf 89' lang='lat' dir='ltr'><strong>ualetudinis</strong></span> <span class='ocrx_word' id='word_1_231' title='bbox 1813 2121 1886 2188; x_wconf 86' lang='lat' dir='ltr'><strong>[id</strong></span> 
     </span>
     <span class='ocr_line' id='line_1_30' title="bbox 281 2190 1972 2260; baseline -0.001 -18"><span class='ocrx_word' id='word_1_232' title='bbox 281 2190 373 2260; x_wconf 87' lang='lat' dir='ltr'><strong>est]</strong></span> <span class='ocrx_word' id='word_1_233' title='bbox 404 2207 605 2242; x_wconf 89' lang='lat' dir='ltr'><strong>sensum</strong></span> <span class='ocrx_word' id='word_1_234' title='bbox 631 2192 723 2241; x_wconf 92' lang='lat' dir='ltr'><strong>sibi</strong></span> <span class='ocrx_word' id='word_1_235' title='bbox 743 2191 990 2250; x_wconf 81' lang='lat' dir='ltr'><strong>sublatum</strong></span> <span class='ocrx_word' id='word_1_236' title='bbox 1012 2210 1155 2242; x_wconf 53' lang='grc' dir='ltr'>*μήτ*</span> <span class='ocrx_word' id='word_1_237' title='bbox 1176 2193 1408 2242; x_wconf 91' lang='lat' dir='ltr'><strong>commoti</strong></span> <span class='ocrx_word' id='word_1_238' title='bbox 1435 2194 1549 2240; x_wconf 91' lang='lat' dir='ltr'><strong>uino</strong></span> <span class='ocrx_word' id='word_1_239' title='bbox 1571 2192 1886 2256; x_wconf 87' lang='lat' dir='ltr'><strong>praecordia·</strong></span> <span class='ocrx_word' id='word_1_240' title='bbox 1968 2219 1972 2223; x_wconf 85' lang='lat'><strong>·</strong></span> 
     </span>
    </p>
   </div>
   <div class='ocr_carea' id='block_1_6' title="bbox 304 2291 613 2297">
    <p class='ocr_par' dir='ltr' id='par_1_6' title="bbox 304 2291 613 2297">
     <span class='ocr_line' id='line_1_31' title="bbox 304 2291 613 2297; baseline 0 0"><span class='ocrx_word' id='word_1_241' title='bbox 304 2291 613 2297; x_wconf 95' lang='lat' dir='ltr'><strong> </strong></span> 
     </span>
    </p>
   </div>
   <div class='ocr_carea' id='block_1_7' title="bbox 278 2341 1889 2958">
    <p class='ocr_par' dir='ltr' id='par_1_7' title="bbox 278 2341 1889 2958">
     <span class='ocr_line' id='line_1_32' title="bbox 393 2341 1885 2398; baseline -0.001 -12"><span class='ocrx_word' id='word_1_242' title='bbox 393 2348 414 2385; x_wconf 90' lang='lat'>1</span> <span class='ocrx_word' id='word_1_243' title='bbox 449 2347 730 2398; x_wconf 85' lang='lat' dir='ltr'><strong>aequitatem</strong></span> <span class='ocrx_word' id='word_1_244' title='bbox 763 2348 862 2386; x_wconf 88' lang='lat' dir='ltr'><strong>eius</strong></span> <span class='ocrx_word' id='word_1_245' title='bbox 888 2347 931 2385; x_wconf 92' lang='lat' dir='ltr'><em>P</em></span> <span class='ocrx_word' id='word_1_246' title='bbox 967 2347 1337 2398; x_wconf 83' lang='lat' dir='ltr'><strong>aequitatemque</strong></span> <span class='ocrx_word' id='word_1_247' title='bbox 1370 2357 1448 2385; x_wconf 92' lang='lat' dir='ltr'><strong>eos</strong></span> <span class='ocrx_word' id='word_1_248' title='bbox 1476 2344 1633 2397; x_wconf 72' lang='lat' dir='ltr'><strong>Breys.</strong></span> <span class='ocrx_word' id='word_1_249' title='bbox 1679 2341 1699 2397; x_wconf 79' lang='grc' dir='ltr'><strong>Η</strong></span> <span class='ocrx_word' id='word_1_250' title='bbox 1747 2345 1773 2384; x_wconf 84' lang='lat'>2</span> <span class='ocrx_word' id='word_1_251' title='bbox 1803 2347 1885 2384; x_wconf 89' lang='lat' dir='ltr'><strong>mi—</strong></span> 
     </span>
     <span class='ocr_line' id='line_1_33' title="bbox 278 2398 1889 2456; baseline -0.001 -14"><span class='ocrx_word' id='word_1_252' title='bbox 278 2405 419 2442; x_wconf 86' lang='lat' dir='ltr'><strong>nutae</strong></span> <span class='ocrx_word' id='word_1_253' title='bbox 443 2402 520 2454; x_wconf 83' lang='lat' dir='ltr'><strong>qui</strong></span> <span class='ocrx_word' id='word_1_254' title='bbox 540 2402 582 2442; x_wconf 93' lang='lat' dir='ltr'><em>B</em></span> <span class='ocrx_word' id='word_1_255' title='bbox 609 2399 626 2456; x_wconf 87' lang='grc' dir='ltr'><strong>ΙΙ</strong></span> <span class='ocrx_word' id='word_1_256' title='bbox 653 2403 680 2442; x_wconf 87' lang='grc'>4</span> <span class='ocrx_word' id='word_1_257' title='bbox 711 2404 816 2443; x_wconf 89' lang='lat' dir='ltr'><strong>sunt</strong></span> <span class='ocrx_word' id='word_1_258' title='bbox 835 2415 912 2443; x_wconf 88' lang='lat' dir='ltr'><strong>om.</strong></span> <span class='ocrx_word' id='word_1_259' title='bbox 934 2402 977 2441; x_wconf 90' lang='lat' dir='ltr'><em>B</em></span> <span class='ocrx_word' id='word_1_260' title='bbox 1003 2399 1022 2456; x_wconf 80' lang='lat' dir='ltr'>ss</span> <span class='ocrx_word' id='word_1_261' title='bbox 1052 2403 1077 2442; x_wconf 86' lang='lat'>5</span> <span class='ocrx_word' id='word_1_262' title='bbox 1099 2400 1258 2442; x_wconf 81' lang='lat' dir='ltr'><strong>a&amp;eris</strong></span> <span class='ocrx_word' id='word_1_263' title='bbox 1280 2402 1321 2440; x_wconf 91' lang='lat' dir='ltr'><em>P</em></span> <span class='ocrx_word' id='word_1_264' title='bbox 1349 2398 1369 2453; x_wconf 80' lang='grc' dir='ltr'>Π</span> <span class='ocrx_word' id='word_1_265' title='bbox 1408 2402 1433 2440; x_wconf 87' lang='grc'><strong>6</strong></span> <span class='ocrx_word' id='word_1_266' title='bbox 1463 2413 1586 2440; x_wconf 87' lang='lat' dir='ltr'><strong>nunc</strong></span> <span class='ocrx_word' id='word_1_267' title='bbox 1615 2404 1820 2441; x_wconf 83' lang='lat' dir='ltr'><strong>moratur</strong></span> <span class='ocrx_word' id='word_1_268' title='bbox 1846 2402 1889 2440; x_wconf 93' lang='lat' dir='ltr'><em>P</em></span> 
     </span>
     <span class='ocr_line' id='line_1_34' title="bbox 278 2453 1888 2512; baseline -0.002 -13"><span class='ocrx_word' id='word_1_269' title='bbox 278 2461 544 2499; x_wconf 87' lang='lat' dir='ltr'><strong>numeratur</strong></span> <span class='ocrx_word' id='word_1_270' title='bbox 572 2458 614 2498; x_wconf 93' lang='lat' dir='ltr'><em>B</em></span> <span class='ocrx_word' id='word_1_271' title='bbox 653 2455 672 2512; x_wconf 84' lang='grc' dir='ltr'>Η</span> <span class='ocrx_word' id='word_1_272' title='bbox 719 2460 743 2499; x_wconf 79' lang='grc'><strong>’7</strong></span> <span class='ocrx_word' id='word_1_273' title='bbox 776 2458 831 2499; x_wconf 91' lang='lat' dir='ltr'><strong>ob</strong></span> <span class='ocrx_word' id='word_1_274' title='bbox 863 2459 906 2497; x_wconf 92' lang='lat' dir='ltr'><em>P</em></span> <span class='ocrx_word' id='word_1_275' title='bbox 934 2458 992 2498; x_wconf 87' lang='lat' dir='ltr'><strong>ab</strong></span> <span class='ocrx_word' id='word_1_276' title='bbox 1022 2457 1065 2496; x_wconf 92' lang='lat' dir='ltr'><em>B</em></span> <span class='ocrx_word' id='word_1_277' title='bbox 1104 2454 1122 2512; x_wconf 82' lang='grc' dir='ltr'><strong>ΙΙ</strong></span> <span class='ocrx_word' id='word_1_278' title='bbox 1161 2459 1186 2498; x_wconf 85' lang='grc'>9</span> <span class='ocrx_word' id='word_1_279' title='bbox 1218 2456 1372 2497; x_wconf 86' lang='lat' dir='ltr'><strong>dedici</strong></span> <span class='ocrx_word' id='word_1_280' title='bbox 1400 2456 1442 2496; x_wconf 91' lang='lat' dir='ltr'><em>B</em></span> <span class='ocrx_word' id='word_1_281' title='bbox 1480 2453 1500 2510; x_wconf 76' lang='grc' dir='ltr'>Π</span> <span class='ocrx_word' id='word_1_282' title='bbox 1547 2458 1599 2497; x_wconf 91' lang='grc'><strong>10</strong></span> <span class='ocrx_word' id='word_1_283' title='bbox 1627 2455 1888 2497; x_wconf 81' lang='lat' dir='ltr'><strong>inmortalis</strong></span> 
     </span>
     <span class='ocr_line' id='line_1_35' title="bbox 279 2509 1869 2568; baseline -0.001 -14"><span class='ocrx_word' id='word_1_284' title='bbox 279 2516 320 2554; x_wconf 94' lang='lat' dir='ltr'><em>P</em></span> <span class='ocrx_word' id='word_1_285' title='bbox 354 2511 374 2568; x_wconf 76' lang='grc' dir='ltr'><strong>ΙΙ</strong></span> <span class='ocrx_word' id='word_1_286' title='bbox 425 2517 477 2555; x_wconf 88' lang='grc'><strong>13</strong></span> <span class='ocrx_word' id='word_1_287' title='bbox 506 2514 667 2554; x_wconf 90' lang='lat' dir='ltr'><strong>timere</strong></span> <span class='ocrx_word' id='word_1_288' title='bbox 697 2515 739 2553; x_wconf 94' lang='lat' dir='ltr'><em>P</em></span> <span class='ocrx_word' id='word_1_289' title='bbox 783 2511 803 2567; x_wconf 85' lang='grc' dir='ltr'>Η</span> <span class='ocrx_word' id='word_1_290' title='bbox 852 2515 906 2554; x_wconf 91' lang='grc'><strong>14</strong></span> <span class='ocrx_word' id='word_1_291' title='bbox 934 2515 1027 2554; x_wconf 90' lang='lat' dir='ltr'><strong>iam</strong></span> <span class='ocrx_word' id='word_1_292' title='bbox 1051 2513 1094 2552; x_wconf 91' lang='lat' dir='ltr'><em>B</em></span> <span class='ocrx_word' id='word_1_293' title='bbox 1140 2510 1161 2567; x_wconf 80' lang='lat' dir='ltr'>H</span> <span class='ocrx_word' id='word_1_294' title='bbox 1207 2513 1255 2553; x_wconf 90' lang='lat' dir='ltr'><strong>in</strong></span> <span class='ocrx_word' id='word_1_295' title='bbox 1283 2513 1382 2553; x_wconf 87' lang='lat' dir='ltr'><strong>uita</strong></span> <span class='ocrx_word' id='word_1_296' title='bbox 1412 2513 1563 2553; x_wconf 77' lang='lat' dir='ltr'><strong>Heius.</strong></span> <span class='ocrx_word' id='word_1_297' title='bbox 1602 2513 1745 2553; x_wconf 88' lang='lat' dir='ltr'><strong>uitam</strong></span> <span class='ocrx_word' id='word_1_298' title='bbox 1778 2512 1812 2553; x_wconf 84' lang='lat'><em>0</em></span> <span class='ocrx_word' id='word_1_299' title='bbox 1847 2509 1869 2566; x_wconf 82' lang='lat' dir='ltr'>ss</span> 
     </span>
     <span class='ocr_line' id='line_1_36' title="bbox 281 2565 1886 2623; baseline -0.002 -12"><span class='ocrx_word' id='word_1_300' title='bbox 281 2572 332 2611; x_wconf 84' lang='lat'><strong>15</strong></span> <span class='ocrx_word' id='word_1_301' title='bbox 365 2570 668 2623; x_wconf 84' lang='lat' dir='ltr'><strong>neglegentes</strong></span> <span class='ocrx_word' id='word_1_302' title='bbox 699 2576 797 2610; x_wconf 81' lang='lat' dir='ltr'><strong>ante</strong></span> <span class='ocrx_word' id='word_1_303' title='bbox 828 2583 942 2612; x_wconf 77' lang='lat' dir='ltr'><strong>corr.</strong></span> <span class='ocrx_word' id='word_1_304' title='bbox 975 2570 1016 2609; x_wconf 92' lang='lat' dir='ltr'><em>P</em></span> <span class='ocrx_word' id='word_1_305' title='bbox 1051 2566 1070 2623; x_wconf 83' lang='grc'><strong>11</strong></span> <span class='ocrx_word' id='word_1_306' title='bbox 1112 2571 1163 2609; x_wconf 91' lang='grc'><strong>16</strong></span> <span class='ocrx_word' id='word_1_307' title='bbox 1194 2569 1240 2609; x_wconf 84' lang='lat' dir='ltr'><strong>in</strong></span> <span class='ocrx_word' id='word_1_308' title='bbox 1263 2570 1363 2610; x_wconf 85' lang='lat' dir='ltr'><strong>add.</strong></span> <span class='ocrx_word' id='word_1_309' title='bbox 1386 2569 1538 2612; x_wconf 74' lang='lat' dir='ltr'><strong>Heius.</strong></span> <span class='ocrx_word' id='word_1_310' title='bbox 1577 2565 1596 2621; x_wconf 84' lang='grc' dir='ltr'><strong>ΙΙ</strong></span> <span class='ocrx_word' id='word_1_311' title='bbox 1636 2570 1688 2610; x_wconf 88' lang='grc'><strong>19</strong></span> <span class='ocrx_word' id='word_1_312' title='bbox 1718 2580 1886 2608; x_wconf 85' lang='lat' dir='ltr'><strong>memo-</strong></span> 
     </span>
     <span class='ocr_line' id='line_1_37' title="bbox 278 2620 1885 2680; baseline -0.001 -14"><span class='ocrx_word' id='word_1_313' title='bbox 278 2629 383 2666; x_wconf 86' lang='lat' dir='ltr'><strong>rant</strong></span> <span class='ocrx_word' id='word_1_314' title='bbox 411 2627 453 2666; x_wconf 91' lang='lat' dir='ltr'><em>P</em></span> <span class='ocrx_word' id='word_1_315' title='bbox 487 2623 507 2680; x_wconf 78' lang='lat' dir='ltr'><strong>{l</strong></span> <span class='ocrx_word' id='word_1_316' title='bbox 546 2626 779 2677; x_wconf 85' lang='lat' dir='ltr'><strong>origonem</strong></span> <span class='ocrx_word' id='word_1_317' title='bbox 809 2626 850 2665; x_wconf 93' lang='lat' dir='ltr'><em>P</em></span> <span class='ocrx_word' id='word_1_318' title='bbox 884 2623 903 2679; x_wconf 78' lang='grc' dir='ltr'>Η</span> <span class='ocrx_word' id='word_1_319' title='bbox 943 2625 1107 2665; x_wconf 88' lang='lat' dir='ltr'><strong>micari</strong></span> <span class='ocrx_word' id='word_1_320' title='bbox 1134 2625 1177 2664; x_wconf 94' lang='lat' dir='ltr'><em>B</em></span> <span class='ocrx_word' id='word_1_321' title='bbox 1216 2622 1235 2678; x_wconf 78' lang='grc' dir='ltr'><strong>ΙΙ</strong></span> <span class='ocrx_word' id='word_1_322' title='bbox 1273 2626 1326 2664; x_wconf 82' lang='grc'><strong>21</strong></span> <span class='ocrx_word' id='word_1_323' title='bbox 1357 2625 1666 2666; x_wconf 81' lang='lat' dir='ltr'><strong>mortalitates</strong></span> <span class='ocrx_word' id='word_1_324' title='bbox 1691 2625 1728 2664; x_wconf 91' lang='lat' dir='ltr'><em>P</em></span> <span class='ocrx_word' id='word_1_325' title='bbox 1762 2620 1781 2677; x_wconf 87' lang='grc' dir='ltr'><strong>ΙΙ</strong></span> <span class='ocrx_word' id='word_1_326' title='bbox 1829 2625 1885 2664; x_wconf 83' lang='grc'><strong>22</strong></span> 
     </span>
     <span class='ocr_line' id='line_1_38' title="bbox 281 2676 1867 2733; baseline -0.002 -11"><span class='ocrx_word' id='word_1_327' title='bbox 281 2683 519 2723; x_wconf 84' lang='lat' dir='ltr'><strong>ebrietatis</strong></span> <span class='ocrx_word' id='word_1_328' title='bbox 548 2682 882 2722; x_wconf 86' lang='lat' dir='ltr'><strong>iucunditatem</strong></span> <span class='ocrx_word' id='word_1_329' title='bbox 910 2683 1069 2733; x_wconf 77' lang='lat' dir='ltr'><strong>scripsi</strong></span> <span class='ocrx_word' id='word_1_330' title='bbox 1103 2681 1408 2721; x_wconf 85' lang='lat' dir='ltr'><strong>aebrietatem</strong></span> <span class='ocrx_word' id='word_1_331' title='bbox 1436 2679 1736 2721; x_wconf 81' lang='lat' dir='ltr'><strong>iocunditatis</strong></span> <span class='ocrx_word' id='word_1_332' title='bbox 1765 2679 1801 2720; x_wconf 81' lang='lat' dir='ltr'><strong><em>G</em></strong></span> <span class='ocrx_word' id='word_1_333' title='bbox 1846 2676 1867 2733; x_wconf 84' lang='grc' dir='ltr'><strong>ΙΙ</strong></span> 
     </span>
     <span class='ocr_line' id='line_1_39' title="bbox 280 2735 1884 2789; baseline -0.002 -12"><span class='ocrx_word' id='word_1_334' title='bbox 280 2740 335 2778; x_wconf 80' lang='lat'><strong>24</strong></span> <span class='ocrx_word' id='word_1_335' title='bbox 371 2738 543 2779; x_wconf 88' lang='lat' dir='ltr'><strong>inferre</strong></span> <span class='ocrx_word' id='word_1_336' title='bbox 581 2739 629 2778; x_wconf 88' lang='lat' dir='ltr'><strong>in</strong></span> <span class='ocrx_word' id='word_1_337' title='bbox 668 2738 907 2778; x_wconf 83' lang='lat' dir='ltr'><strong>ciuitatem</strong></span> <span class='ocrx_word' id='word_1_338' title='bbox 945 2750 1074 2778; x_wconf 87' lang='lat' dir='ltr'><strong>suam</strong></span> <span class='ocrx_word' id='word_1_339' title='bbox 1110 2736 1256 2778; x_wconf 90' lang='lat' dir='ltr'><strong>uellet</strong></span> <span class='ocrx_word' id='word_1_340' title='bbox 1283 2737 1440 2789; x_wconf 78' lang='lat' dir='ltr'><strong>scripsi</strong></span> <span class='ocrx_word' id='word_1_341' title='bbox 1474 2737 1666 2776; x_wconf 87' lang='lat' dir='ltr'><strong>inferret</strong></span> <span class='ocrx_word' id='word_1_342' title='bbox 1693 2736 1740 2775; x_wconf 91' lang='lat' dir='ltr'><strong>in</strong></span> <span class='ocrx_word' id='word_1_343' title='bbox 1773 2735 1884 2775; x_wconf 80' lang='lat' dir='ltr'><strong>ciui-</strong></span> 
     </span>
     <span class='ocr_line' id='line_1_40' title="bbox 278 2790 1884 2847; baseline 0 -15"><span class='ocrx_word' id='word_1_344' title='bbox 278 2797 424 2833; x_wconf 88' lang='lat' dir='ltr'><strong>tatem</strong></span> <span class='ocrx_word' id='word_1_345' title='bbox 454 2807 589 2847; x_wconf 85' lang='lat' dir='ltr'><strong>quam</strong></span> <span class='ocrx_word' id='word_1_346' title='bbox 618 2794 761 2834; x_wconf 87' lang='lat' dir='ltr'><strong>uellet</strong></span> <span class='ocrx_word' id='word_1_347' title='bbox 794 2794 828 2834; x_wconf 83' lang='lat' dir='ltr'><strong><em>G</em></strong></span> <span class='ocrx_word' id='word_1_348' title='bbox 879 2790 898 2847; x_wconf 82' lang='grc' dir='ltr'><strong>Η</strong></span> <span class='ocrx_word' id='word_1_349' title='bbox 953 2793 1041 2834; x_wconf 89' lang='lat' dir='ltr'><strong>hoc</strong></span> <span class='ocrx_word' id='word_1_350' title='bbox 1080 2795 1150 2834; x_wconf 87' lang='lat' dir='ltr'><strong>est</strong></span> <span class='ocrx_word' id='word_1_351' title='bbox 1186 2793 1342 2833; x_wconf 81' lang='lat' dir='ltr'><strong>uinum</strong></span> <span class='ocrx_word' id='word_1_352' title='bbox 1379 2794 1518 2834; x_wconf 74' lang='lat' dir='ltr'><strong>delent·</strong></span> <span class='ocrx_word' id='word_1_353' title='bbox 1641 2792 1696 2832; x_wconf 83' lang='lat'><strong>25</strong></span> <span class='ocrx_word' id='word_1_354' title='bbox 1733 2792 1884 2832; x_wconf 83' lang='lat' dir='ltr'><strong>amico</strong></span> 
     </span>
     <span class='ocr_line' id='line_1_41' title="bbox 279 2845 1887 2903; baseline 0 -16"><span class='ocrx_word' id='word_1_355' title='bbox 279 2851 436 2900; x_wconf 76' lang='lat' dir='ltr'><strong>scripsi</strong></span> <span class='ocrx_word' id='word_1_356' title='bbox 473 2850 622 2890; x_wconf 83' lang='lat' dir='ltr'><strong>animo</strong></span> <span class='ocrx_word' id='word_1_357' title='bbox 664 2850 698 2890; x_wconf 78' lang='lat' dir='ltr'><em>C</em></span> <span class='ocrx_word' id='word_1_358' title='bbox 741 2846 759 2903; x_wconf 83' lang='grc' dir='ltr'>Η</span> <span class='ocrx_word' id='word_1_359' title='bbox 807 2850 862 2889; x_wconf 78' lang='lat'><strong>26</strong></span> <span class='ocrx_word' id='word_1_360' title='bbox 902 2849 1056 2901; x_wconf 87' lang='lat' dir='ltr'><strong>capite</strong></span> <span class='ocrx_word' id='word_1_361' title='bbox 1094 2849 1136 2888; x_wconf 93' lang='lat' dir='ltr'><em>P</em></span> <span class='ocrx_word' id='word_1_362' title='bbox 1184 2845 1205 2902; x_wconf 80' lang='grc' dir='ltr'>Η</span> <span class='ocrx_word' id='word_1_363' title='bbox 1259 2848 1448 2902; x_wconf 85' lang='lat' dir='ltr'><strong>langore</strong></span> <span class='ocrx_word' id='word_1_364' title='bbox 1485 2848 1528 2887; x_wconf 92' lang='lat' dir='ltr'><em>P</em></span> <span class='ocrx_word' id='word_1_365' title='bbox 1638 2848 1692 2888; x_wconf 81' lang='lat'><strong>27</strong></span> <span class='ocrx_word' id='word_1_366' title='bbox 1730 2847 1777 2887; x_wconf 88' lang='lat' dir='ltr'><strong>id</strong></span> <span class='ocrx_word' id='word_1_367' title='bbox 1815 2850 1887 2888; x_wconf 84' lang='lat' dir='ltr'><strong>est</strong></span> 
     </span>
     <span class='ocr_line' id='line_1_42' title="bbox 281 2900 1885 2958; baseline 0 -15"><span class='ocrx_word' id='word_1_368' title='bbox 281 2905 419 2944; x_wconf 81' lang='lat' dir='ltr'><strong>deleui</strong></span> <span class='ocrx_word' id='word_1_369' title='bbox 453 2902 472 2957; x_wconf 80' lang='grc' dir='ltr'><strong>[Ι</strong></span> <span class='ocrx_word' id='word_1_370' title='bbox 513 2907 567 2946; x_wconf 81' lang='grc'><strong>28</strong></span> <span class='ocrx_word' id='word_1_371' title='bbox 589 2906 815 2946; x_wconf 83' lang='lat' dir='ltr'><strong>sentirent</strong></span> <span class='ocrx_word' id='word_1_372' title='bbox 835 2907 903 2945; x_wconf 81' lang='lat' dir='ltr'><strong>uel</strong></span> <span class='ocrx_word' id='word_1_373' title='bbox 922 2907 1006 2945; x_wconf 83' lang='lat' dir='ltr'><strong>tale</strong></span> <span class='ocrx_word' id='word_1_374' title='bbox 1028 2906 1190 2958; x_wconf 83' lang='lat' dir='ltr'><strong>aliquid</strong></span> <span class='ocrx_word' id='word_1_375' title='bbox 1208 2906 1421 2946; x_wconf 75' lang='lat' dir='ltr'><strong>excidisse</strong></span> <span class='ocrx_word' id='word_1_376' title='bbox 1441 2904 1679 2956; x_wconf 70' lang='lat' dir='ltr'><strong>siqnificauz&#39;</strong></span> <span class='ocrx_word' id='word_1_377' title='bbox 1703 2900 1722 2957; x_wconf 81' lang='grc' dir='ltr'>Η</span> <span class='ocrx_word' id='word_1_378' title='bbox 1749 2915 1885 2956; x_wconf 85' lang='lat' dir='ltr'><strong>prae-</strong></span> 
     </span>
    </p>
   </div>
   <div class='ocr_carea' id='block_1_8' title="bbox 1580 2788 1591 2900">
    <p class='ocr_par' dir='ltr' id='par_1_8' title="bbox 1580 2788 1591 2900">
     <span class='ocr_line' id='line_1_43' title="bbox 1580 2788 1591 2900; baseline 0 330"><span class='ocrx_word' id='word_1_379' title='bbox 1580 2788 1591 2900; x_wconf 95' lang='lat' dir='ltr'><strong> </strong></span> 
     </span>
    </p>
   </div>
  </div>
 </body>
</html>
