1982 3230
0 0 139 203 r
783 62 972 105 LIBER
1001 62 1112 105 VIII
1667 59 1774 114 305

162 206 347 255 zodiaci
375 205 496 270 cycli
522 205 778 254 uenientes
805 208 854 253 et
873 209 970 253 tam
990 204 1122 254 inter
1144 218 1197 253 se
1217 204 1436 254 secundo
1463 205 1771 261 coniunctos

164 292 310 340 quain
338 290 510 325 omnes
545 273 806 338 parallelos
833 273 1025 338 angulis
1060 272 1348 337 aequalibus
1375 281 1696 339 persecantes
1720 275 1772 322 in

165 347 392 395 cardines
428 346 710 410 peruenire.
786 359 898 393 nam
937 360 1065 396 unus
1101 344 1161 394 ab
1202 344 1379 395 Arietis
1425 350 1598 394 octaua
1634 350 1774 409 parte

165 423 307 466 natus
332 415 514 465 ambito
541 415 726 464 mundo
754 429 844 479 per
870 414 1098 477 polorum
1128 416 1337 464 uertices
1373 416 1432 464 ad
1461 416 1666 465 eandem
1694 430 1775 465 re-

119 498 140 530 5
165 488 343 542 currit,
382 485 504 535 alius
540 485 684 534 simili
722 483 964 549 conplexu
1002 485 1239 534 muudum
1278 501 1303 534 a
1342 485 1531 535 Cancro
1573 491 1776 536 exortus

161 556 379 612 includit,
408 556 537 620 quod
567 555 762 619 planius
788 556 1103 620 postmodum
1131 556 1384 605 faciemus

303 625 485 676 Verum
512 641 644 675 nunc
686 625 872 688 obliqui
899 633 1013 675 sunt
1040 626 1281 675 edicendi.
1335 641 1543 690 quorum
1573 627 1777 690 signifer
1808 641 1894 684 825

161 696 421 746 duodecim
469 696 837 746 discriminibus
883 697 1221 746 interstinctus
1259 713 1316 746 ex
1366 695 1615 761 parallelis
1652 697 1775 746 duos

160 766 461 817 solstitialem
488 766 863 831 brumalemque
891 769 1207 830 contingenS,
1237 767 1642 829 aequinoctialem
1673 783 1775 816 me·

98 850 138 882 10
163 839 295 887 dium
333 846 468 887 secat
505 838 722 887 secundo
754 852 846 886 nec
884 837 941 886 ad
971 852 1116 901 pares
1152 837 1356 902 angulos
1394 844 1478 887 aut
1515 839 1655 887 findit
1694 845 1778 887 aut

159 909 375 958 finditur.
417 909 501 972 qui
528 908 618 959 soli
644 907 886 972 lunaeque
914 909 1004 957 iter
1031 908 1237 972 praebet
1264 924 1376 957 cum
1405 909 1620 972 quinque
1646 909 1775 958 side·
1808 925 1891 964 826

160 979 314 1028 ribus,
382 978 621 1030 Galaxeas
658 994 779 1028 uero
815 978 1002 1027 lacteus
1038 978 1351 1043 obliquorum
1393 979 1548 1028 mullo
1587 981 1777 1028 maiore

161 1049 349 1098 ambitu
376 1056 635 1114 porrectus
662 1051 805 1098 etiam
834 1049 1022 1098 uisibus
1049 1049 1370 1113 adprobatur.
1423 1065 1536 1099 nam
1565 1050 1777 1099 confinio

161 1120 560 1182 septentrionalis
597 1119 768 1169 circuli
807 1127 950 1169 natus
988 1121 1038 1168 in
1071 1120 1318 1170 finitorem
1367 1122 1665 1171 antarcticae
1699 1135 1775 1170 re-

95 1201 136 1232 15
161 1191 320 1252 gionis
357 1190 608 1240 adclinans
643 1205 801 1255 paene
837 1196 992 1239 totum
1031 1190 1228 1240 uidetur
1265 1205 1526 1254 permeare
1564 1191 1773 1240 caelum.

161 1275 308 1324 quem
337 1261 535 1324 quidem
575 1260 695 1309 milii
723 1260 951 1325 desipere
986 1261 1219 1310 uidentur
1247 1262 1330 1325 qui
1358 1260 1596 1310 circulum
1626 1276 1774 1324 nega-

159 1337 354 1380 uerunt.
395 1339 622 1395 superest
648 1332 742 1379 iam
770 1347 896 1380 unus
925 1347 950 1380 e
978 1330 1192 1387 circulis,
1222 1346 1365 1395 quem
1397 1331 1612 1396 quidem,
1642 1332 1771 1395 quod
1796 1339 1930 1382 2786?

156 1400 280 1450 locis
307 1403 668 1465 momentisque
707 1401 937 1450 omnibus
971 1404 1216 1457 uariatur,
1255 1401 1424 1450 dubito
1454 1403 1567 1466 quid
1607 1402 1775 1466 appel-

157 1470 272 1520 lem.
312 1471 395 1520 hic
420 1477 586 1521 tamen
613 1474 881 1521 nouissima
910 1487 1227 1538 supernaque
1255 1473 1602 1522 discriminans
1629 1480 1775 1538 atque

94 1553 137 1586 20
161 1541 380 1606 undique
415 1543 463 1591 in
502 1543 812 1606 superficiem
845 1542 1034 1591 telluris
1061 1542 1219 1592 lineae
1247 1544 1377 1592 flexu
1405 1543 1665 1593 ambientis
1699 1546 1774 1593 in·

161 1611 402 1661 cumbens
429 1613 631 1661 horizon
661 1613 740 1662 uel
767 1613 930 1661 finitor
960 1612 1062 1679 [uel
1093 1610 1278 1680 oriens]
1310 1613 1618 1676 perhibetur.

302 1682 399 1732 Sed
446 1685 676 1747 quoniam
729 1685 937 1746 expositi
983 1683 1154 1732 circuli
1204 1683 1425 1733 breuiter
1470 1683 1772 1741 claruerunt,
1806 1694 1889 1736 827

159 1767 292 1802 nunc
319 1768 491 1803 eorum
519 1755 689 1818 spatia,
719 1754 1037 1817 unde-primo
1060 1769 1338 1817 coeperam,
1368 1753 1664 1818 perhibebo.
1718 1771 1775 1804 ac

159 1825 298 1887 prius
334 1824 392 1872 ad
431 1823 833 1887 septentrionalis
859 1824 1030 1872 circuli
1067 1825 1264 1873 redeam
1302 1825 1648 1887 granditatem.
1723 1827 1771 1874 in

93 1905 136 1938 2⁵
163 1909 260 1958 quo
286 1909 425 1942 more
452 1896 752 1957 geometrico
781 1895 878 1943 duo
906 1896 1065 1958 primo
1093 1896 1229 1959 signa
1259 1897 1499 1959 conposui
1526 1896 1586 1944 ad
1615 1897 1773 1945 circu-

159 1963 259 2012 lum
288 1965 658 2028 perducendum
696 1965 743 2014 id
771 1972 844 2015 est
870 1981 1022 2014 unum
1051 1966 1182 2028 quod
1211 1972 1442 2021 centron,
1481 1966 1614 2015 aliud
1640 1967 1771 2031 quod

157 2034 476 2099 peripherian
518 2036 898 2085 demonstraret.
966 2037 1133 2099 itaque
1162 2037 1208 2084 in
1239 2037 1344 2100 ipso
1373 2037 1544 2086 mundi
1571 2037 1774 2087 cardine

157 2106 299 2168 posui
335 2104 515 2154 clarius
551 2106 684 2155 sidus
719 2112 866 2171 atque
902 2106 962 2155 ab
991 2122 1048 2155 eo
1077 2106 1137 2156 ad
1165 2106 1404 2157 Draconis
1432 2113 1602 2172 caput,
1641 2108 1770 2171 quod

158 2176 254 2224 iam
301 2182 588 2226 notaueram
637 2192 794 2241 usque
839 2177 900 2226 ad
944 2177 1157 2227 finitoris
1203 2177 1444 2227 circulum
1490 2179 1769 2241 peruenire,

95 2244 339 2295 aolineam
376 2246 505 2296 duxi.
582 2263 727 2311 quam
774 2254 945 2312 postea
991 2253 1223 2297 manente
1261 2255 1431 2297 centro
1468 2253 1634 2297 mente
1672 2250 1768 2296 cir·

161 2331 425 2381 cumagens
461 2318 701 2367 circulum
739 2317 994 2381 designaui
1031 2326 1179 2382 atque
1214 2317 1274 2367 ab
1315 2319 1449 2367 omni
1484 2325 1625 2382 parte
1661 2333 1772 2382 spa-

277 2428 296 2466 1
322 2428 498 2468 zoziaci
515 2427 615 2470 B¹R
641 2426 660 2483 ΙΙ
690 2429 796 2470 cicli
818 2430 841 2470 b
872 2430 951 2470 cili
967 2430 1049 2470 BR
1074 2427 1095 2483 ΙΙ
1123 2431 1355 2470 uenientis
1376 2429 1476 2469 B¹R
1504 2426 1523 2482 ΙΙ
1552 2431 1576 2468 2
1599 2442 1771 2481 aequa-

159 2482 281 2523 libus·
297 2485 454 2535 scripsi
474 2486 788 2536 aequalesBR
808 2482 813 2538 Ι
855 2488 880 2526 3
904 2487 1124 2527 arietesR
1143 2483 1162 2539 ΙΙ
1191 2488 1217 2526 4
1239 2485 1548 2526 εοῙοΥυῐῃΒΙΙῗ
1567 2482 1587 2538 ΙΙ
1615 2488 1640 2526 5
1662 2499 1770 2526 can-

163 2552 240 2580 cro
257 2541 279 2579 b
303 2540 528 2581 leoneBB
547 2537 565 2594 ΙΙ
595 2543 621 2582 8
642 2540 795 2581 duoB'
832 2539 839 2594 Ι
863 2544 914 2583 10
934 2542 1113 2582 necBR
1133 2555 1239 2581 nam
1258 2542 1281 2581 b
1302 2539 1322 2596 ΙΙ
1351 2544 1402 2581 12
1423 2548 1523 2593 post
1539 2553 1649 2581 uero
1667 2543 1769 2584 add.

161 2596 209 2635 id
225 2597 248 2636 b
277 2593 299 2662 ΙΙ
328 2598 379 2636 14
401 2598 661 2637 antarticae
675 2594 780 2651 BR}
825 2599 876 2637 16
898 2604 996 2638 ante
1016 2598 1092 2649 qui
1113 2599 1214 2640 add.
1237 2597 1308 2637 illi
1325 2598 1347 2637 b
1369 2594 1388 2650 ΙΙ
1419 2599 1468 2638 17
1494 2597 1659 2649 quodR
1681 2611 1772 2651 quo

161 2651 204 2692 B
226 2654 334 2705 quia
351 2653 374 2693 b
395 2650 414 2707 ΙΙ
435 2655 486 2693 21
513 2654 668 2693 orizon
691 2653 770 2694 BR
802 2650 808 2706 Ι
833 2656 1015 2704 qlossam
1037 2655 1120 2694 del.
1134 2654 1304 2694 Grotius
1323 2650 1345 2706 ΙΙ
1371 2656 1425 2694 23
1447 2654 1592 2706 primo
1615 2654 1767 2694 conci-

161 2721 270 2762 pere
291 2708 333 2748 B
363 2711 508 2762 primo
532 2711 823 2761 conciperem
847 2711 885 2750 lt
914 2710 1059 2762 primo
1084 2722 1384 2761 conceperem
1406 2723 1430 2749 r
1453 2721 1504 2749 ce
1543 2722 1667 2749 eram
1690 2708 1769 2762 (in-

163 2766 288 2806 ducto
310 2764 478 2818 primo)
510 2766 533 2806 b
572 2763 591 2818 ΙΙ
632 2767 686 2807 25
719 2766 775 2805 ad
807 2780 885 2806 om.
911 2766 947 2806 R
985 2762 1004 2818 ΙΙ
1051 2767 1106 2805 27
1136 2766 1374 2818 persei-ian
1394 2764 1476 2806 BR
1526 2762 1532 2819 Ι
1580 2767 1635 2807 30
1664 2765 1770 2807 doxi

163 2834 277 2862 eor-r.
299 2835 340 2861 m
362 2821 470 2862 duxi
490 2822 532 2862 B
563 2821 582 2863 l
604 2822 649 2862 di
673 2823 773 2863 add.
799 2822 822 2862 b
858 2822 880 2875 ΙΙ
920 2825 1136 2878 manente
1158 2821 1181 2862 b
1213 2825 1430 2862 manante
1452 2821 1535 2862 BR
1565 2823 1645 2863 del.
1668 2836 1693 2862 r
1729 2819 1764 2876 ΙΙ

248 2918 514 2948 ΜΔΒΤῙΔΝΠΒ
539 2919 749 2947 CAPELLA
1358 2889 1428 2941 20
