<?xml version="1.0" encoding="UTF-8"?>
<!DOCTYPE html PUBLIC "-//W3C//DTD XHTML 1.0 Transitional//EN"
    "http://www.w3.org/TR/xhtml1/DTD/xhtml1-transitional.dtd">
<html xmlns="http://www.w3.org/1999/xhtml" xml:lang="en" lang="en">
 <head>
  <title>
</title>
<meta http-equiv="Content-Type" content="text/html;charset=utf-8" />
  <meta name='ocr-system' content='tesseract 3.04.00' />
  <meta name='ocr-capabilities' content='ocr_page ocr_carea ocr_par ocr_line ocrx_word'/>
</head>
<body>
  <div class='ocr_page' id='page_1' title='image "./martianvscapella00martuoft_0410.png"; bbox 0 0 1982 3230; ppageno 0'>
   <div class='ocr_carea' id='block_1_1' title="bbox 157 0 1336 79">
    <p class='ocr_par' dir='ltr' id='par_1_1' title="bbox 157 0 1336 79">
     <span class='ocr_line' id='line_1_1' title="bbox 157 0 1336 79; baseline -0.015 -35"><span class='ocrx_word' id='word_1_1' title='bbox 157 0 408 55; x_wconf 41' lang='lat' dir='ltr'><strong>stupere</strong></span> <span class='ocrx_word' id='word_1_2' title='bbox 464 0 578 63; x_wconf 53' lang='grc' dir='ltr'><strong>λῳ</strong></span> <span class='ocrx_word' id='word_1_3' title='bbox 637 0 874 38; x_wconf 49' lang='lat' dir='ltr'><strong>&amp;ju-w</strong></span> <span class='ocrx_word' id='word_1_4' title='bbox 927 0 1336 79; x_wconf 51' lang='grc' dir='ltr'><strong>ωτι-’,ψη</strong></span> 
     </span>
    </p>
   </div>
   <div class='ocr_carea' id='block_1_2' title="bbox 319 94 1448 188">
    <p class='ocr_par' dir='ltr' id='par_1_2' title="bbox 319 94 1448 188">
     <span class='ocr_line' id='line_1_2' title="bbox 319 94 1448 188; baseline -0.01 -10"><span class='ocrx_word' id='word_1_5' title='bbox 319 125 424 177; x_wconf 84' lang='lat'><strong>336</strong></span> <span class='ocrx_word' id='word_1_6' title='bbox 799 94 1099 167; x_wconf 63' lang='lat' dir='ltr'><strong>M‘ARTIANi</strong></span> <span class='ocrx_word' id='word_1_7' title='bbox 1129 126 1448 188; x_wconf 15' lang='lat' dir='ltr'>CAPELLVAE</span> 
     </span>
    </p>
   </div>
   <div class='ocr_carea' id='block_1_3' title="bbox 1663 0 1982 123">
    <p class='ocr_par' dir='ltr' id='par_1_3' title="bbox 1663 0 1982 123">
     <span class='ocr_line' id='line_1_3' title="bbox 1663 0 1982 123; baseline 0 3107"><span class='ocrx_word' id='word_1_8' title='bbox 1663 0 1982 123; x_wconf 95' lang='lat' dir='ltr'><strong> </strong></span> 
     </span>
    </p>
   </div>
   <div class='ocr_carea' id='block_1_4' title="bbox 199 266 1982 2368">
    <p class='ocr_par' dir='ltr' id='par_1_4' title="bbox 199 266 1982 2368">
     <span class='ocr_line' id='line_1_4' title="bbox 322 266 1923 332; baseline 0.002 -17"><span class='ocrx_word' id='word_1_9' title='bbox 322 267 491 316; x_wconf 88' lang='lat' dir='ltr'><strong>sertim</strong></span> <span class='ocrx_word' id='word_1_10' title='bbox 527 281 638 314; x_wconf 91' lang='lat' dir='ltr'><strong>cum</strong></span> <span class='ocrx_word' id='word_1_11' title='bbox 666 266 813 315; x_wconf 89' lang='lat' dir='ltr'><strong>terris</strong></span> <span class='ocrx_word' id='word_1_12' title='bbox 850 266 1134 315; x_wconf 81' lang='lat' dir='ltr'><strong>indecenter</strong></span> <span class='ocrx_word' id='word_1_13' title='bbox 1161 266 1387 330; x_wconf 88' lang='lat' dir='ltr'><strong>expulsas</strong></span> <span class='ocrx_word' id='word_1_14' title='bbox 1422 267 1537 317; x_wconf 90' lang='lat' dir='ltr'><strong>solis</strong></span> <span class='ocrx_word' id='word_1_15' title='bbox 1574 274 1798 332; x_wconf 81' lang='lat' dir='ltr'><strong>oporteat</strong></span> <span class='ocrx_word' id='word_1_16' title='bbox 1833 270 1923 320; x_wconf 88' lang='lat' dir='ltr'><strong>ad·</strong></span> 
     </span>
     <span class='ocr_line' id='line_1_5' title="bbox 199 336 1922 401; baseline 0.001 -14"><span class='ocrx_word' id='word_1_17' title='bbox 199 337 529 401; x_wconf 62' lang='grc'><strong>’89911361616</strong></span> <span class='ocrx_word' id='word_1_18' title='bbox 566 336 825 385; x_wconf 82' lang='lat' dir='ltr'><strong>sideribus,</strong></span> <span class='ocrx_word' id='word_1_19' title='bbox 901 351 1033 386; x_wconf 90' lang='lat' dir='ltr'><strong>nunc</strong></span> <span class='ocrx_word' id='word_1_20' title='bbox 1059 338 1208 399; x_wconf 83' lang='lat' dir='ltr'><strong>igitur</strong></span> <span class='ocrx_word' id='word_1_21' title='bbox 1234 337 1749 401; x_wconf 82' lang='lat' dir='ltr'><strong>praecellentissimam</strong></span> <span class='ocrx_word' id='word_1_22' title='bbox 1779 339 1922 389; x_wconf 81' lang='lat' dir='ltr'><strong>femi-</strong></span> 
     </span>
     <span class='ocr_line' id='line_1_6' title="bbox 263 400 1923 473; baseline 0.004 -19"><span class='ocrx_word' id='word_1_23' title='bbox 263 400 495 461; x_wconf 72' lang='grc'><strong>)(113111111</strong></span> <span class='ocrx_word' id='word_1_24' title='bbox 522 406 840 455; x_wconf 87' lang='lat' dir='ltr'><strong>Harmoniam</strong></span> <span class='ocrx_word' id='word_1_25' title='bbox 868 422 994 472; x_wconf 87' lang='lat' dir='ltr'><strong>quae</strong></span> <span class='ocrx_word' id='word_1_26' title='bbox 1029 407 1396 457; x_wconf 84' lang='lat' dir='ltr'><strong>Mercurialium</strong></span> <span class='ocrx_word' id='word_1_27' title='bbox 1432 408 1535 458; x_wconf 90' lang='lat' dir='ltr'><strong>sola</strong></span> <span class='ocrx_word' id='word_1_28' title='bbox 1570 415 1798 473; x_wconf 83' lang='lat' dir='ltr'><strong>superest</strong></span> <span class='ocrx_word' id='word_1_29' title='bbox 1837 426 1923 460; x_wconf 90' lang='lat' dir='ltr'><strong>au-</strong></span> 
     </span>
     <span class='ocr_line' id='line_1_7' title="bbox 319 476 1926 543; baseline 0.002 -19"><span class='ocrx_word' id='word_1_30' title='bbox 319 476 526 525; x_wconf 82' lang='lat' dir='ltr'><strong>diamus,</strong></span> <span class='ocrx_word' id='word_1_31' title='bbox 566 476 688 525; x_wconf 90' lang='lat' dir='ltr'><strong>haec</strong></span> <span class='ocrx_word' id='word_1_32' title='bbox 709 478 892 542; x_wconf 89' lang='lat' dir='ltr'><strong>quippe</strong></span> <span class='ocrx_word' id='word_1_33' title='bbox 920 483 992 526; x_wconf 91' lang='lat' dir='ltr'><strong>est</strong></span> <span class='ocrx_word' id='word_1_34' title='bbox 1013 492 1137 540; x_wconf 91' lang='lat' dir='ltr'><strong>quae</strong></span> <span class='ocrx_word' id='word_1_35' title='bbox 1163 493 1397 542; x_wconf 86' lang='lat' dir='ltr'><strong>superum</strong></span> <span class='ocrx_word' id='word_1_36' title='bbox 1425 494 1568 528; x_wconf 86' lang='lat' dir='ltr'><strong>curas</strong></span> <span class='ocrx_word' id='word_1_37' title='bbox 1591 494 1712 543; x_wconf 88' lang='lat' dir='ltr'><strong>prae</strong></span> <span class='ocrx_word' id='word_1_38' title='bbox 1736 481 1926 535; x_wconf 86' lang='lat' dir='ltr'><strong>cunctis</strong></span> 
     </span>
     <span class='ocr_line' id='line_1_8' title="bbox 319 546 1982 615; baseline 0 -20"><span class='ocrx_word' id='word_1_39' title='bbox 319 546 500 610; x_wconf 86' lang='lat' dir='ltr'><strong>poterit</strong></span> <span class='ocrx_word' id='word_1_40' title='bbox 519 546 829 613; x_wconf 80' lang='lat' dir='ltr'><strong>permulcere</strong></span> <span class='ocrx_word' id='word_1_41' title='bbox 852 548 1050 597; x_wconf 82' lang='lat' dir='ltr'><strong>aethera</strong></span> <span class='ocrx_word' id='word_1_42' title='bbox 1073 548 1295 597; x_wconf 86' lang='lat' dir='ltr'><strong>cantibus</strong></span> <span class='ocrx_word' id='word_1_43' title='bbox 1316 551 1634 615; x_wconf 84' lang='lat' dir='ltr'><strong>numerisque</strong></span> <span class='ocrx_word' id='word_1_44' title='bbox 1659 549 1926 600; x_wconf 86' lang='lat' dir='ltr'><strong>laetificans</strong></span> <span class='ocrx_word' id='word_1_45' title='bbox 1967 563 1982 595; x_wconf 69' lang='lat'>5</span> 
     </span>
     <span class='ocr_line' id='line_1_9' title="bbox 320 618 1924 684; baseline 0.002 -18"><span class='ocrx_word' id='word_1_46' title='bbox 320 622 369 666; x_wconf 89' lang='lat' dir='ltr'><strong>et</strong></span> <span class='ocrx_word' id='word_1_47' title='bbox 391 623 556 666; x_wconf 89' lang='lat' dir='ltr'><strong>nostra</strong></span> <span class='ocrx_word' id='word_1_48' title='bbox 579 623 767 666; x_wconf 88' lang='lat' dir='ltr'><strong>tantum</strong></span> <span class='ocrx_word' id='word_1_49' title='bbox 791 618 936 667; x_wconf 92' lang='lat' dir='ltr'><strong>modo</strong></span> <span class='ocrx_word' id='word_1_50' title='bbox 952 620 1085 681; x_wconf 89' lang='lat' dir='ltr'><strong>cupit</strong></span> <span class='ocrx_word' id='word_1_51' title='bbox 1101 618 1353 667; x_wconf 89' lang='lat' dir='ltr'><strong>celebrare</strong></span> <span class='ocrx_word' id='word_1_52' title='bbox 1369 618 1543 683; x_wconf 87' lang='lat' dir='ltr'><strong>palatia</strong></span> <span class='ocrx_word' id='word_1_53' title='bbox 1557 635 1703 670; x_wconf 90' lang='lat' dir='ltr'><strong>exosa</strong></span> <span class='ocrx_word' id='word_1_54' title='bbox 1716 622 1924 684; x_wconf 86' lang='lat' dir='ltr'><strong>terrige-</strong></span> 
     </span>
     <span class='ocr_line' id='line_1_10' title="bbox 233 671 1927 760; baseline 0.002 -25"><span class='ocrx_word' id='word_1_55' title='bbox 233 671 294 749; x_wconf 62' lang='grc' dir='ltr'><strong>ξ’)</strong></span> <span class='ocrx_word' id='word_1_56' title='bbox 320 702 411 736; x_wconf 83' lang='grc'><strong>1136</strong></span> <span class='ocrx_word' id='word_1_57' title='bbox 441 686 727 760; x_wconf 60' lang='grc' dir='ltr'><strong>3161111113ῑὲ</strong></span> <span class='ocrx_word' id='word_1_58' title='bbox 753 690 1017 751; x_wconf 84' lang='lat' dir='ltr'><strong>ignauiam,</strong></span> <span class='ocrx_word' id='word_1_59' title='bbox 1039 705 1184 753; x_wconf 89' lang='lat' dir='ltr'><strong>quam</strong></span> <span class='ocrx_word' id='word_1_60' title='bbox 1217 689 1503 739; x_wconf 88' lang='lat' dir='ltr'><strong>melicorum</strong></span> <span class='ocrx_word' id='word_1_61' title='bbox 1535 690 1760 740; x_wconf 86' lang='lat' dir='ltr'><strong>indocilis</strong></span> <span class='ocrx_word' id='word_1_62' title='bbox 1779 697 1927 755; x_wconf 84' lang='lat' dir='ltr'><strong>auget</strong></span> 
     </span>
     <span class='ocr_line' id='line_1_11' title="bbox 320 757 1925 824; baseline 0.002 -17"><span class='ocrx_word' id='word_1_63' title='bbox 320 759 425 807; x_wconf 90' lang='lat' dir='ltr'><strong>sine</strong></span> <span class='ocrx_word' id='word_1_64' title='bbox 451 758 548 806; x_wconf 86' lang='lat' dir='ltr'><strong>fine</strong></span> <span class='ocrx_word' id='word_1_65' title='bbox 574 757 857 808; x_wconf 79' lang='lat' dir='ltr'><strong>mortalitas.</strong></span> <span class='ocrx_word' id='word_1_66' title='bbox 909 759 1119 824; x_wconf 86' lang='lat' dir='ltr'><strong>denique</strong></span> <span class='ocrx_word' id='word_1_67' title='bbox 1147 761 1239 808; x_wconf 92' lang='lat' dir='ltr'><strong>iam</strong></span> <span class='ocrx_word' id='word_1_68' title='bbox 1268 760 1460 824; x_wconf 86' lang='lat' dir='ltr'><strong>pridem</strong></span> <span class='ocrx_word' id='word_1_69' title='bbox 1487 760 1714 810; x_wconf 88' lang='lat' dir='ltr'><strong>homines</strong></span> <span class='ocrx_word' id='word_1_70' title='bbox 1741 760 1925 810; x_wconf 86' lang='lat' dir='ltr'><strong>diruta-</strong></span> 
     </span>
     <span class='ocr_line' id='line_1_12' title="bbox 320 829 1924 893; baseline 0.002 -17"><span class='ocrx_word' id='word_1_71' title='bbox 320 843 414 891; x_wconf 90' lang='lat' dir='ltr'><strong>que</strong></span> <span class='ocrx_word' id='word_1_72' title='bbox 453 830 701 892; x_wconf 85' lang='lat' dir='ltr'><strong>gymnasia</strong></span> <span class='ocrx_word' id='word_1_73' title='bbox 729 829 1001 878; x_wconf 87' lang='lat' dir='ltr'><strong>abscedens</strong></span> <span class='ocrx_word' id='word_1_74' title='bbox 1041 829 1162 878; x_wconf 89' lang='lat' dir='ltr'><strong>orbe</strong></span> <span class='ocrx_word' id='word_1_75' title='bbox 1201 832 1443 893; x_wconf 86' lang='lat' dir='ltr'><strong>terrisque</strong></span> <span class='ocrx_word' id='word_1_76' title='bbox 1473 831 1722 880; x_wconf 89' lang='lat' dir='ltr'><strong>damnauit</strong></span> <span class='ocrx_word' id='word_1_77' title='bbox 1759 846 1815 880; x_wconf 90' lang='lat' dir='ltr'><strong>ac</strong></span> <span class='ocrx_word' id='word_1_78' title='bbox 1842 832 1924 880; x_wconf 87' lang='lat' dir='ltr'><strong>uix</strong></span> 
     </span>
     <span class='ocr_line' id='line_1_13' title="bbox 321 897 1982 965; baseline 0.002 -18"><span class='ocrx_word' id='word_1_79' title='bbox 321 897 600 962; x_wconf 84' lang='lat' dir='ltr'><strong>Cyllenidae</strong></span> <span class='ocrx_word' id='word_1_80' title='bbox 649 899 925 963; x_wconf 82' lang='lat' dir='ltr'><strong>indagantis</strong></span> <span class='ocrx_word' id='word_1_81' title='bbox 971 900 1260 949; x_wconf 88' lang='lat' dir='ltr'><strong>excursibus</strong></span> <span class='ocrx_word' id='word_1_82' title='bbox 1310 915 1441 950; x_wconf 91' lang='lat' dir='ltr'><strong>nunc</strong></span> <span class='ocrx_word' id='word_1_83' title='bbox 1485 915 1758 964; x_wconf 87' lang='lat' dir='ltr'><strong>conprensa</strong></span> <span class='ocrx_word' id='word_1_84' title='bbox 1810 907 1921 965; x_wconf 90' lang='lat' dir='ltr'><strong>post</strong></span> <span class='ocrx_word' id='word_1_85' title='bbox 1945 915 1982 946; x_wconf 87' lang='lat'><strong>10</strong></span> 
     </span>
     <span class='ocr_line' id='line_1_14' title="bbox 321 966 1923 1041; baseline 0.002 -26"><span class='ocrx_word' id='word_1_86' title='bbox 321 966 499 1032; x_wconf 85' lang='lat' dir='ltr'><strong>longae</strong></span> <span class='ocrx_word' id='word_1_87' title='bbox 527 968 865 1018; x_wconf 89' lang='lat' dir='ltr'><strong>occultationis</strong></span> <span class='ocrx_word' id='word_1_88' title='bbox 892 969 1069 1018; x_wconf 86' lang='lat' dir='ltr'><strong>obliuia</strong></span> <span class='ocrx_word' id='word_1_89' title='bbox 1095 969 1165 1041; x_wconf 61' lang='lat' dir='ltr'><strong>,Q</strong></span> <span class='ocrx_word' id='word_1_90' title='bbox 1171 970 1622 1036; x_wconf 19' lang='grc'><strong>,11133616116631111</strong></span> <span class='ocrx_word' id='word_1_91' title='bbox 1631 971 1923 1027; x_wconf 66' lang='lat' dir='ltr'><strong>reducitur·</strong></span> 
     </span>
     <span class='ocr_line' id='line_1_15' title="bbox 207 1037 1922 1113; baseline 0.003 -28"><span class='ocrx_word' id='word_1_92' title='bbox 207 1045 289 1085; x_wconf 83' lang='grc'><strong>900</strong></span> <span class='ocrx_word' id='word_1_93' title='bbox 320 1054 415 1113; x_wconf 71' lang='lat' dir='ltr'><strong>que</strong></span> <span class='ocrx_word' id='word_1_94' title='bbox 449 1037 676 1088; x_wconf 88' lang='lat' dir='ltr'><strong>latibulis.</strong></span> <span class='ocrx_word' id='word_1_95' title='bbox 752 1039 880 1088; x_wconf 90' lang='lat' dir='ltr'><strong>hanc</strong></span> <span class='ocrx_word' id='word_1_96' title='bbox 915 1041 1063 1103; x_wconf 84' lang='lat' dir='ltr'><strong>igitur</strong></span> <span class='ocrx_word' id='word_1_97' title='bbox 1099 1044 1349 1103; x_wconf 82' lang='lat' dir='ltr'><strong>repertam</strong></span> <span class='ocrx_word' id='word_1_98' title='bbox 1385 1047 1494 1105; x_wconf 90' lang='lat' dir='ltr'><strong>post</strong></span> <span class='ocrx_word' id='word_1_99' title='bbox 1523 1041 1722 1090; x_wconf 86' lang='lat' dir='ltr'><strong>saecula</strong></span> <span class='ocrx_word' id='word_1_100' title='bbox 1749 1056 1922 1090; x_wconf 90' lang='lat' dir='ltr'><strong>nume-</strong></span> 
     </span>
     <span class='ocr_line' id='line_1_16' title="bbox 318 1109 1920 1180; baseline 0.004 -24"><span class='ocrx_word' id='word_1_101' title='bbox 318 1124 431 1157; x_wconf 90' lang='lat' dir='ltr'><strong>rosa</strong></span> <span class='ocrx_word' id='word_1_102' title='bbox 459 1115 507 1158; x_wconf 91' lang='lat' dir='ltr'><strong>et</strong></span> <span class='ocrx_word' id='word_1_103' title='bbox 546 1109 741 1159; x_wconf 89' lang='lat' dir='ltr'><strong>tandem</strong></span> <span class='ocrx_word' id='word_1_104' title='bbox 769 1112 821 1158; x_wconf 92' lang='lat' dir='ltr'><strong>in</strong></span> <span class='ocrx_word' id='word_1_105' title='bbox 855 1125 997 1159; x_wconf 89' lang='lat' dir='ltr'><strong>usum</strong></span> <span class='ocrx_word' id='word_1_106' title='bbox 1025 1109 1503 1180; x_wconf 43' lang='lat' dir='ltr'><strong>mulinum..,ssssrmen</strong></span> <span class='ocrx_word' id='word_1_107' title='bbox 1542 1126 1602 1160; x_wconf 92' lang='lat' dir='ltr'><strong>ue</strong></span> <span class='ocrx_word' id='word_1_108' title='bbox 1637 1118 1920 1163; x_wconf 87' lang='lat' dir='ltr'><strong>reuocatam</strong></span> 
     </span>
     <span class='ocr_line' id='line_1_17' title="bbox 318 1168 1923 1246; baseline 0.002 -20"><span class='ocrx_word' id='word_1_109' title='bbox 318 1186 415 1227; x_wconf 89' lang='lat' dir='ltr'><strong>tam</strong></span> <span class='ocrx_word' id='word_1_110' title='bbox 444 1179 626 1244; x_wconf 91' lang='lat' dir='ltr'><strong>uolupe</strong></span> <span class='ocrx_word' id='word_1_111' title='bbox 654 1187 727 1230; x_wconf 91' lang='lat' dir='ltr'><strong>est</strong></span> <span class='ocrx_word' id='word_1_112' title='bbox 754 1197 898 1246; x_wconf 89' lang='lat' dir='ltr'><strong>quam</strong></span> <span class='ocrx_word' id='word_1_113' title='bbox 937 1168 1390 1230; x_wconf 51' lang='lat' dir='ltr'><strong>con”d‘ffcif“a”ffd⁸sre.&#39;</strong></span> <span class='ocrx_word' id='word_1_114' title='bbox 1442 1181 1636 1231; x_wconf 85' lang='lat' dir='ltr'><strong>ceterae</strong></span> <span class='ocrx_word' id='word_1_115' title='bbox 1662 1197 1784 1231; x_wconf 91' lang='lat' dir='ltr'><strong>uero</strong></span> <span class='ocrx_word' id='word_1_116' title='bbox 1811 1196 1923 1230; x_wconf 87' lang='lat' dir='ltr'><strong>eru-</strong></span> 
     </span>
     <span class='ocr_line' id='line_1_18' title="bbox 320 1250 1982 1317; baseline 0.001 -20"><span class='ocrx_word' id='word_1_117' title='bbox 320 1250 516 1298; x_wconf 88' lang='lat' dir='ltr'><strong>ditionis</strong></span> <span class='ocrx_word' id='word_1_118' title='bbox 553 1251 867 1300; x_wconf 87' lang='lat' dir='ltr'><strong>doctissimae</strong></span> <span class='ocrx_word' id='word_1_119' title='bbox 915 1267 1183 1317; x_wconf 85' lang='lat' dir='ltr'><strong>sacraeque</strong></span> <span class='ocrx_word' id='word_1_120' title='bbox 1227 1266 1492 1315; x_wconf 84' lang='lat' dir='ltr'><strong>germanae</strong></span> <span class='ocrx_word' id='word_1_121' title='bbox 1529 1267 1641 1300; x_wconf 90' lang='lat' dir='ltr'><strong>cum</strong></span> <span class='ocrx_word' id='word_1_122' title='bbox 1685 1258 1921 1302; x_wconf 89' lang='lat' dir='ltr'><strong>renouata</strong></span> <span class='ocrx_word' id='word_1_123' title='bbox 1946 1264 1982 1298; x_wconf 85' lang='lat'><strong>15</strong></span> 
     </span>
     <span class='ocr_line' id='line_1_19' title="bbox 319 1319 1925 1386; baseline 0.002 -19"><span class='ocrx_word' id='word_1_124' title='bbox 319 1319 402 1368; x_wconf 84' lang='lat' dir='ltr'><strong>lux</strong></span> <span class='ocrx_word' id='word_1_125' title='bbox 446 1321 594 1369; x_wconf 82' lang='lat' dir='ltr'><strong>fuerit</strong></span> <span class='ocrx_word' id='word_1_126' title='bbox 628 1322 938 1371; x_wconf 87' lang='lat' dir='ltr'><strong>intromissae</strong></span> <span class='ocrx_word' id='word_1_127' title='bbox 984 1323 1263 1371; x_wconf 89' lang='lat' dir='ltr'><strong>intentioris</strong></span> <span class='ocrx_word' id='word_1_128' title='bbox 1300 1328 1447 1371; x_wconf 88' lang='lat' dir='ltr'><strong>curae</strong></span> <span class='ocrx_word' id='word_1_129' title='bbox 1485 1322 1707 1371; x_wconf 85' lang='lat' dir='ltr'><strong>examine</strong></span> <span class='ocrx_word' id='word_1_130' title='bbox 1746 1321 1925 1386; x_wconf 86' lang='lat' dir='ltr'><strong>proba-</strong></span> 
     </span>
     <span class='ocr_line' id='line_1_20' title="bbox 206 1389 1927 1455; baseline 0.001 -17"><span class='ocrx_word' id='word_1_131' title='bbox 206 1391 260 1431; x_wconf 85' lang='lat'><strong>90</strong></span> <span class='ocrx_word' id='word_1_132' title='bbox 319 1389 545 1439; x_wconf 84' lang='lat' dir='ltr'><strong>buntur.’</strong></span> <span class='ocrx_word' id='word_1_133' title='bbox 621 1391 696 1440; x_wconf 90' lang='lat' dir='ltr'><strong>his</strong></span> <span class='ocrx_word' id='word_1_134' title='bbox 733 1393 859 1441; x_wconf 92' lang='lat' dir='ltr'><strong>orsis</strong></span> <span class='ocrx_word' id='word_1_135' title='bbox 897 1392 1160 1441; x_wconf 87' lang='lat' dir='ltr'><strong>Iouialibus</strong></span> <span class='ocrx_word' id='word_1_136' title='bbox 1196 1391 1425 1441; x_wconf 87' lang='lat' dir='ltr'><strong>Phoebus</strong></span> <span class='ocrx_word' id='word_1_137' title='bbox 1461 1393 1739 1441; x_wconf 88' lang='lat' dir='ltr'><strong>admonitus</strong></span> <span class='ocrx_word' id='word_1_138' title='bbox 1771 1392 1927 1455; x_wconf 86' lang='lat' dir='ltr'><strong>uirgi-</strong></span> 
     </span>
     <span class='ocr_line' id='line_1_21' title="bbox 319 1460 1922 1526; baseline 0.002 -18"><span class='ocrx_word' id='word_1_139' title='bbox 319 1475 434 1508; x_wconf 89' lang='lat' dir='ltr'><strong>nem</strong></span> <span class='ocrx_word' id='word_1_140' title='bbox 483 1460 575 1509; x_wconf 91' lang='lat' dir='ltr'><strong>sibi</strong></span> <span class='ocrx_word' id='word_1_141' title='bbox 619 1476 825 1525; x_wconf 89' lang='lat' dir='ltr'><strong>prorsus</strong></span> <span class='ocrx_word' id='word_1_142' title='bbox 875 1462 1246 1511; x_wconf 88' lang='lat' dir='ltr'><strong>adcommodam</strong></span> <span class='ocrx_word' id='word_1_143' title='bbox 1298 1462 1601 1511; x_wconf 90' lang='lat' dir='ltr'><strong>admissurus</strong></span> <span class='ocrx_word' id='word_1_144' title='bbox 1652 1462 1922 1526; x_wconf 86' lang='lat' dir='ltr'><strong>egreditur.</strong></span> 
     </span>
     <span class='ocr_line' id='line_1_22' title="bbox 318 1530 1925 1595; baseline 0.001 -16"><span class='ocrx_word' id='word_1_145' title='bbox 318 1545 495 1579; x_wconf 91' lang='lat' dir='ltr'><strong>uerum</strong></span> <span class='ocrx_word' id='word_1_146' title='bbox 522 1531 704 1595; x_wconf 88' lang='lat' dir='ltr'><strong>Paphia</strong></span> <span class='ocrx_word' id='word_1_147' title='bbox 742 1533 1006 1581; x_wconf 90' lang='lat' dir='ltr'><strong>remeantis</strong></span> <span class='ocrx_word' id='word_1_148' title='bbox 1040 1530 1168 1581; x_wconf 86' lang='lat' dir='ltr'><strong>filiae</strong></span> <span class='ocrx_word' id='word_1_149' title='bbox 1207 1531 1530 1595; x_wconf 81' lang='lat' dir='ltr'><strong>gratulatione</strong></span> <span class='ocrx_word' id='word_1_150' title='bbox 1568 1546 1805 1582; x_wconf 91' lang='lat' dir='ltr'><strong>concussa</strong></span> <span class='ocrx_word' id='word_1_151' title='bbox 1840 1533 1925 1580; x_wconf 88' lang='lat' dir='ltr'><strong>ad-</strong></span> 
     </span>
     <span class='ocr_line' id='line_1_23' title="bbox 321 1600 1982 1667; baseline -0.002 -18"><span class='ocrx_word' id='word_1_152' title='bbox 321 1602 426 1650; x_wconf 86' lang='lat' dir='ltr'><strong>nuit</strong></span> <span class='ocrx_word' id='word_1_153' title='bbox 463 1616 619 1665; x_wconf 63' lang='grc'><strong>1111616</strong></span> <span class='ocrx_word' id='word_1_154' title='bbox 654 1603 964 1665; x_wconf 84' lang='lat' dir='ltr'><strong>praecineret</strong></span> <span class='ocrx_word' id='word_1_155' title='bbox 998 1600 1215 1666; x_wconf 88' lang='lat' dir='ltr'><strong>nuptiale</strong></span> <span class='ocrx_word' id='word_1_156' title='bbox 1253 1617 1467 1651; x_wconf 89' lang='lat' dir='ltr'><strong>carmen.</strong></span> <span class='ocrx_word' id='word_1_157' title='bbox 1543 1603 1707 1667; x_wconf 89' lang='lat' dir='ltr'><strong>itaque</strong></span> <span class='ocrx_word' id='word_1_158' title='bbox 1745 1602 1921 1666; x_wconf 84' lang='lat' dir='ltr'><strong>Hyme-</strong></span> <span class='ocrx_word' id='word_1_159' title='bbox 1945 1615 1982 1647; x_wconf 77' lang='lat'><strong>20</strong></span> 
     </span>
     <span class='ocr_line' id='line_1_24' title="bbox 319 1671 1925 1735; baseline 0.001 -16"><span class='ocrx_word' id='word_1_160' title='bbox 319 1685 473 1720; x_wconf 88' lang='lat' dir='ltr'><strong>naeus</strong></span> <span class='ocrx_word' id='word_1_161' title='bbox 509 1671 659 1720; x_wconf 90' lang='lat' dir='ltr'><strong>alacri</strong></span> <span class='ocrx_word' id='word_1_162' title='bbox 693 1672 890 1721; x_wconf 89' lang='lat' dir='ltr'><strong>tandem</strong></span> <span class='ocrx_word' id='word_1_163' title='bbox 936 1674 1108 1734; x_wconf 84' lang='lat' dir='ltr'><strong>uigore</strong></span> <span class='ocrx_word' id='word_1_164' title='bbox 1145 1672 1407 1721; x_wconf 88' lang='lat' dir='ltr'><strong>luminatus</strong></span> <span class='ocrx_word' id='word_1_165' title='bbox 1442 1687 1534 1720; x_wconf 88' lang='lat' dir='ltr'><strong>nec</strong></span> <span class='ocrx_word' id='word_1_166' title='bbox 1569 1673 1674 1735; x_wconf 90' lang='lat' dir='ltr'><strong>ipsa</strong></span> <span class='ocrx_word' id='word_1_167' title='bbox 1709 1673 1806 1721; x_wconf 89' lang='lat' dir='ltr'><strong>iam</strong></span> <span class='ocrx_word' id='word_1_168' title='bbox 1848 1687 1925 1720; x_wconf 89' lang='lat' dir='ltr'><strong>re-</strong></span> 
     </span>
     <span class='ocr_line' id='line_1_25' title="bbox 285 1692 1075 1807; baseline -0.004 -14"><span class='ocrx_word' id='word_1_169' title='bbox 285 1692 301 1793; x_wconf 82' lang='grc'><strong>1</strong></span> <span class='ocrx_word' id='word_1_170' title='bbox 324 1748 508 1791; x_wconf 86' lang='lat' dir='ltr'><strong>nuente</strong></span> <span class='ocrx_word' id='word_1_171' title='bbox 534 1742 788 1792; x_wconf 83' lang='lat' dir='ltr'><strong>Tritonide</strong></span> <span class='ocrx_word' id='word_1_172' title='bbox 815 1743 885 1791; x_wconf 92' lang='lat' dir='ltr'><strong>sic</strong></span> <span class='ocrx_word' id='word_1_173' title='bbox 913 1743 1075 1807; x_wconf 87' lang='lat' dir='ltr'><strong>coepit</strong></span> 
     </span>
     <span class='ocr_line' id='line_1_26' title="bbox 206 1811 1821 1876; baseline 0.001 -15"><span class='ocrx_word' id='word_1_174' title='bbox 206 1815 288 1855; x_wconf 82' lang='lat'><strong>902</strong></span> <span class='ocrx_word' id='word_1_175' title='bbox 463 1816 632 1862; x_wconf 69' lang='lat' dir='ltr'><strong>‘aurea</strong></span> <span class='ocrx_word' id='word_1_176' title='bbox 661 1812 1018 1876; x_wconf 82' lang='lat' dir='ltr'><strong>flammigerum</strong></span> <span class='ocrx_word' id='word_1_177' title='bbox 1048 1828 1156 1862; x_wconf 93' lang='lat' dir='ltr'><strong>cum</strong></span> <span class='ocrx_word' id='word_1_178' title='bbox 1186 1812 1323 1863; x_wconf 88' lang='lat' dir='ltr'><strong>Luna</strong></span> <span class='ocrx_word' id='word_1_179' title='bbox 1351 1811 1606 1876; x_wconf 85' lang='lat' dir='ltr'><strong>subegerit</strong></span> <span class='ocrx_word' id='word_1_180' title='bbox 1633 1811 1821 1869; x_wconf 89' lang='lat' dir='ltr'><strong>orbem,</strong></span> 
     </span>
     <span class='ocr_line' id='line_1_27' title="bbox 532 1882 1001 1946; baseline -0.002 -15"><span class='ocrx_word' id='word_1_181' title='bbox 532 1884 658 1932; x_wconf 89' lang='lat' dir='ltr'><strong>rosis</strong></span> <span class='ocrx_word' id='word_1_182' title='bbox 685 1883 863 1946; x_wconf 84' lang='lat' dir='ltr'><strong>iugabo</strong></span> <span class='ocrx_word' id='word_1_183' title='bbox 891 1882 1001 1931; x_wconf 90' lang='lat' dir='ltr'><strong>lilia.</strong></span> 
     </span>
     <span class='ocr_line' id='line_1_28' title="bbox 462 1952 1982 2018; baseline -0.003 -15"><span class='ocrx_word' id='word_1_184' title='bbox 462 1954 603 2016; x_wconf 84' lang='lat' dir='ltr'><strong>uirgo</strong></span> <span class='ocrx_word' id='word_1_185' title='bbox 632 1953 851 2018; x_wconf 86' lang='lat' dir='ltr'><strong>deusque</strong></span> <span class='ocrx_word' id='word_1_186' title='bbox 881 1968 1022 2003; x_wconf 90' lang='lat' dir='ltr'><strong>sacro</strong></span> <span class='ocrx_word' id='word_1_187' title='bbox 1049 1952 1304 2002; x_wconf 86' lang='lat' dir='ltr'><strong>sociabunt</strong></span> <span class='ocrx_word' id='word_1_188' title='bbox 1333 1953 1528 2002; x_wconf 87' lang='lat' dir='ltr'><strong>foedera</strong></span> <span class='ocrx_word' id='word_1_189' title='bbox 1558 1952 1707 2002; x_wconf 87' lang='lat' dir='ltr'><strong>lecto:</strong></span> <span class='ocrx_word' id='word_1_190' title='bbox 1945 1964 1982 1998; x_wconf 77' lang='lat'><strong>25</strong></span> 
     </span>
     <span class='ocr_line' id='line_1_29' title="bbox 534 2023 1168 2088; baseline 0.005 -17"><span class='ocrx_word' id='word_1_191' title='bbox 534 2023 703 2072; x_wconf 85' lang='lat' dir='ltr'><strong>fulcris</strong></span> <span class='ocrx_word' id='word_1_192' title='bbox 730 2030 899 2088; x_wconf 87' lang='lat' dir='ltr'><strong>parate</strong></span> <span class='ocrx_word' id='word_1_193' title='bbox 927 2025 1168 2074; x_wconf 86' lang='lat' dir='ltr'><strong>cinnama.</strong></span> 
     </span>
     <span class='ocr_line' id='line_1_30' title="bbox 462 2092 1736 2158; baseline -0.001 -16"><span class='ocrx_word' id='word_1_194' title='bbox 462 2094 712 2156; x_wconf 87' lang='lat' dir='ltr'><strong>Hesperus</strong></span> <span class='ocrx_word' id='word_1_195' title='bbox 738 2095 966 2143; x_wconf 88' lang='lat' dir='ltr'><strong>intactam</strong></span> <span class='ocrx_word' id='word_1_196' title='bbox 994 2099 1162 2142; x_wconf 90' lang='lat' dir='ltr'><strong>seruet</strong></span> <span class='ocrx_word' id='word_1_197' title='bbox 1186 2092 1301 2142; x_wconf 90' lang='lat' dir='ltr'><strong>licet</strong></span> <span class='ocrx_word' id='word_1_198' title='bbox 1324 2108 1481 2158; x_wconf 88' lang='lat' dir='ltr'><strong>usque</strong></span> <span class='ocrx_word' id='word_1_199' title='bbox 1507 2092 1736 2158; x_wconf 86' lang='lat' dir='ltr'><strong>puellam,</strong></span> 
     </span>
     <span class='ocr_line' id='line_1_31' title="bbox 534 2163 1651 2227; baseline 0.001 -16"><span class='ocrx_word' id='word_1_200' title='bbox 534 2170 736 2227; x_wconf 88' lang='lat' dir='ltr'><strong>nuptam</strong></span> <span class='ocrx_word' id='word_1_201' title='bbox 764 2163 953 2212; x_wconf 89' lang='lat' dir='ltr'><strong>uidebis</strong></span> <span class='ocrx_word' id='word_1_202' title='bbox 979 2163 1297 2226; x_wconf 79' lang='lat' dir='ltr'><strong>phosphore:</strong></span> <span class='ocrx_word' id='word_1_203' title='bbox 1643 2219 1651 2224; x_wconf 27' lang='lat' dir='ltr'>ff</span> 
     </span>
     <span class='ocr_line' id='line_1_32' title="bbox 413 2232 1864 2368; baseline -0.001 -87"><span class='ocrx_word' id='word_1_204' title='bbox 413 2248 556 2368; x_wconf 61' lang='lat' dir='ltr'><strong>nnec</strong></span> <span class='ocrx_word' id='word_1_205' title='bbox 581 2234 677 2282; x_wconf 91' lang='lat' dir='ltr'><strong>iam</strong></span> <span class='ocrx_word' id='word_1_206' title='bbox 704 2238 837 2282; x_wconf 90' lang='lat' dir='ltr'><strong>artos</strong></span> <span class='ocrx_word' id='word_1_207' title='bbox 865 2232 1098 2282; x_wconf 88' lang='lat' dir='ltr'><strong>lacrimae</strong></span> <span class='ocrx_word' id='word_1_208' title='bbox 1124 2235 1280 2296; x_wconf 91' lang='lat' dir='ltr'><strong>pressi</strong></span> <span class='ocrx_word' id='word_1_209' title='bbox 1307 2248 1400 2282; x_wconf 90' lang='lat' dir='ltr'><strong>nec</strong></span> <span class='ocrx_word' id='word_1_210' title='bbox 1427 2232 1644 2282; x_wconf 90' lang='lat' dir='ltr'><strong>crinibus</strong></span> <span class='ocrx_word' id='word_1_211' title='bbox 1670 2246 1864 2294; x_wconf 86' lang='lat' dir='ltr'><strong>ungues</strong></span> 
     </span>
    </p>
   </div>
   <div class='ocr_carea' id='block_1_5' title="bbox 322 2303 1982 2403">
    <p class='ocr_par' dir='ltr' id='par_1_5' title="bbox 322 2303 1982 2403">
     <span class='ocr_line' id='line_1_33' title="bbox 533 2303 1982 2367; baseline -0.003 -15"><span class='ocrx_word' id='word_1_212' title='bbox 533 2318 690 2352; x_wconf 87' lang='lat' dir='ltr'><strong>nexus</strong></span> <span class='ocrx_word' id='word_1_213' title='bbox 715 2319 776 2352; x_wconf 90' lang='lat' dir='ltr'><strong>ua</strong></span> <span class='ocrx_word' id='word_1_214' title='bbox 801 2303 952 2353; x_wconf 90' lang='lat' dir='ltr'><strong>ebunt</strong></span> <span class='ocrx_word' id='word_1_215' title='bbox 978 2318 1227 2367; x_wconf 89' lang='lat' dir='ltr'><strong>rumpere.</strong></span> <span class='ocrx_word' id='word_1_216' title='bbox 1946 2315 1982 2348; x_wconf 77' lang='grc'><strong>31</strong></span> 
     </span>
     <span class='ocr_line' id='line_1_34' title="bbox 322 2359 686 2403; baseline -0.003 0"><span class='ocrx_word' id='word_1_217' title='bbox 322 2359 686 2403; x_wconf 67' lang='grc' dir='ltr'><strong>.-ἷ.““-“·-“”</strong></span> 
     </span>
    </p>
   </div>
   <div class='ocr_carea' id='block_1_6' title="bbox 322 2437 1927 2944">
    <p class='ocr_par' dir='ltr' id='par_1_6' title="bbox 322 2437 1927 2944">
     <span class='ocr_line' id='line_1_35' title="bbox 436 2437 1908 2497; baseline -0.003 -12"><span class='ocrx_word' id='word_1_218' title='bbox 436 2445 461 2485; x_wconf 89' lang='grc'>5</span> <span class='ocrx_word' id='word_1_219' title='bbox 494 2444 744 2485; x_wconf 84' lang='lat' dir='ltr'><strong>armoniam</strong></span> <span class='ocrx_word' id='word_1_220' title='bbox 767 2443 848 2484; x_wconf 87' lang='lat' dir='ltr'><strong>BR</strong></span> <span class='ocrx_word' id='word_1_221' title='bbox 886 2440 905 2497; x_wconf 75' lang='lat' dir='ltr'><strong>{l</strong></span> <span class='ocrx_word' id='word_1_222' title='bbox 942 2444 969 2482; x_wconf 87' lang='lat'>4</span> <span class='ocrx_word' id='word_1_223' title='bbox 1000 2446 1071 2483; x_wconf 82' lang='lat' dir='ltr'><strong>est</strong></span> <span class='ocrx_word' id='word_1_224' title='bbox 1101 2455 1220 2495; x_wconf 84' lang='lat' dir='ltr'><strong>quae</strong></span> <span class='ocrx_word' id='word_1_225' title='bbox 1251 2456 1329 2485; x_wconf 90' lang='lat' dir='ltr'><strong>om.</strong></span> <span class='ocrx_word' id='word_1_226' title='bbox 1353 2441 1470 2483; x_wconf 87' lang='lat' dir='ltr'><strong>B¹R¹</strong></span> <span class='ocrx_word' id='word_1_227' title='bbox 1510 2439 1530 2495; x_wconf 68' lang='grc' dir='ltr'><strong>ΙΙ</strong></span> <span class='ocrx_word' id='word_1_228' title='bbox 1569 2444 1593 2482; x_wconf 88' lang='grc'><strong>6</strong></span> <span class='ocrx_word' id='word_1_229' title='bbox 1627 2442 1780 2495; x_wconf 78' lang='lat' dir='ltr'><strong>coepit</strong></span> <span class='ocrx_word' id='word_1_230' title='bbox 1801 2439 1857 2481; x_wconf 85' lang='lat' dir='ltr'><strong>B¹</strong></span> <span class='ocrx_word' id='word_1_231' title='bbox 1887 2437 1908 2496; x_wconf 78' lang='grc' dir='ltr'>Η</span> 
     </span>
     <span class='ocr_line' id='line_1_36' title="bbox 322 2494 1925 2554; baseline -0.002 -13"><span class='ocrx_word' id='word_1_232' title='bbox 322 2501 347 2541; x_wconf 90' lang='grc'>8</span> <span class='ocrx_word' id='word_1_233' title='bbox 379 2499 634 2552; x_wconf 80' lang='lat' dir='ltr'><strong>derutaque</strong></span> <span class='ocrx_word' id='word_1_234' title='bbox 655 2499 754 2540; x_wconf 90' lang='lat' dir='ltr'><strong>B¹R</strong></span> <span class='ocrx_word' id='word_1_235' title='bbox 793 2497 811 2554; x_wconf 82' lang='grc' dir='ltr'><strong>ΙΙ</strong></span> <span class='ocrx_word' id='word_1_236' title='bbox 854 2502 905 2540; x_wconf 89' lang='grc'><strong>10</strong></span> <span class='ocrx_word' id='word_1_237' title='bbox 936 2500 1297 2552; x_wconf 82' lang='lat' dir='ltr'><strong>conprehensab</strong></span> <span class='ocrx_word' id='word_1_238' title='bbox 1337 2495 1356 2552; x_wconf 82' lang='grc' dir='ltr'>Η</span> <span class='ocrx_word' id='word_1_239' title='bbox 1399 2501 1447 2539; x_wconf 89' lang='grc'><strong>11</strong></span> <span class='ocrx_word' id='word_1_240' title='bbox 1482 2499 1594 2551; x_wconf 86' lang='lat' dir='ltr'><strong>fuga</strong></span> <span class='ocrx_word' id='word_1_241' title='bbox 1617 2499 1653 2539; x_wconf 86' lang='lat' dir='ltr'><em>R</em></span> <span class='ocrx_word' id='word_1_242' title='bbox 1689 2494 1710 2552; x_wconf 81' lang='lat' dir='ltr'>ss</span> <span class='ocrx_word' id='word_1_243' title='bbox 1750 2499 1803 2538; x_wconf 84' lang='lat'><strong>14</strong></span> <span class='ocrx_word' id='word_1_244' title='bbox 1824 2510 1925 2537; x_wconf 85' lang='lat' dir='ltr'><strong>eru-</strong></span> 
     </span>
     <span class='ocr_line' id='line_1_37' title="bbox 323 2553 1927 2610; baseline -0.002 -14"><span class='ocrx_word' id='word_1_245' title='bbox 323 2557 521 2597; x_wconf 87' lang='lat' dir='ltr'><strong>ditiones</strong></span> <span class='ocrx_word' id='word_1_246' title='bbox 543 2558 581 2598; x_wconf 89' lang='lat' dir='ltr'><em>R</em></span> <span class='ocrx_word' id='word_1_247' title='bbox 614 2553 633 2610; x_wconf 81' lang='grc' dir='ltr'><strong>ΙΙ</strong></span> <span class='ocrx_word' id='word_1_248' title='bbox 670 2558 722 2597; x_wconf 88' lang='lat'><strong>15</strong></span> <span class='ocrx_word' id='word_1_249' title='bbox 753 2567 977 2607; x_wconf 84' lang='lat' dir='ltr'><strong>sacraque</strong></span> <span class='ocrx_word' id='word_1_250' title='bbox 998 2557 1036 2596; x_wconf 93' lang='lat' dir='ltr'><em>R</em></span> <span class='ocrx_word' id='word_1_251' title='bbox 1062 2553 1081 2609; x_wconf 82' lang='grc' dir='ltr'>Η</span> <span class='ocrx_word' id='word_1_252' title='bbox 1115 2556 1349 2608; x_wconf 86' lang='lat' dir='ltr'><strong>germinae</strong></span> <span class='ocrx_word' id='word_1_253' title='bbox 1372 2556 1409 2595; x_wconf 90' lang='lat' dir='ltr'><em>R</em></span> <span class='ocrx_word' id='word_1_254' title='bbox 1438 2554 1455 2608; x_wconf 87' lang='grc' dir='ltr'>Η</span> <span class='ocrx_word' id='word_1_255' title='bbox 1494 2557 1545 2596; x_wconf 89' lang='grc'><strong>16</strong></span> <span class='ocrx_word' id='word_1_256' title='bbox 1576 2554 1836 2595; x_wconf 80' lang='lat' dir='ltr'><strong>intentioris</strong></span> <span class='ocrx_word' id='word_1_257' title='bbox 1858 2553 1927 2593; x_wconf 81' lang='lat' dir='ltr'><strong>Br</strong></span> 
     </span>
     <span class='ocr_line' id='line_1_38' title="bbox 322 2607 1924 2666; baseline -0.001 -14"><span class='ocrx_word' id='word_1_258' title='bbox 322 2613 604 2653; x_wconf 79' lang='lat' dir='ltr'><strong>intentiones</strong></span> <span class='ocrx_word' id='word_1_259' title='bbox 637 2613 673 2652; x_wconf 86' lang='lat' dir='ltr'><em>R</em></span> <span class='ocrx_word' id='word_1_260' title='bbox 702 2613 975 2653; x_wconf 79' lang='lat' dir='ltr'><strong>intentionis</strong></span> <span class='ocrx_word' id='word_1_261' title='bbox 1006 2612 1030 2651; x_wconf 87' lang='lat' dir='ltr'><strong>b</strong></span> <span class='ocrx_word' id='word_1_262' title='bbox 1070 2608 1089 2666; x_wconf 84' lang='grc' dir='ltr'><strong>ΙΙ</strong></span> <span class='ocrx_word' id='word_1_263' title='bbox 1138 2614 1190 2653; x_wconf 89' lang='grc'><strong>18</strong></span> <span class='ocrx_word' id='word_1_264' title='bbox 1223 2612 1479 2652; x_wconf 66' lang='lat' dir='ltr'><strong>admissurus</strong></span> <span class='ocrx_word' id='word_1_265' title='bbox 1501 2612 1541 2650; x_wconf 88' lang='lat' dir='ltr'><em>D</em></span> <span class='ocrx_word' id='word_1_266' title='bbox 1581 2607 1600 2665; x_wconf 81' lang='grc' dir='ltr'>Η</span> <span class='ocrx_word' id='word_1_267' title='bbox 1641 2612 1692 2650; x_wconf 87' lang='grc'><strong>19</strong></span> <span class='ocrx_word' id='word_1_268' title='bbox 1723 2609 1924 2662; x_wconf 83' lang='lat' dir='ltr'><strong>paphiae</strong></span> 
     </span>
     <span class='ocr_line' id='line_1_39' title="bbox 324 2665 1923 2722; baseline -0.003 -13"><span class='ocrx_word' id='word_1_269' title='bbox 324 2669 363 2709; x_wconf 90' lang='lat' dir='ltr'><em>R</em></span> <span class='ocrx_word' id='word_1_270' title='bbox 391 2669 625 2722; x_wconf 87' lang='lat' dir='ltr'><strong>phaphiae</strong></span> <span class='ocrx_word' id='word_1_271' title='bbox 655 2669 696 2708; x_wconf 91' lang='lat' dir='ltr'><em>B</em></span> <span class='ocrx_word' id='word_1_272' title='bbox 735 2665 754 2722; x_wconf 81' lang='grc' dir='ltr'><strong>ΙΙ</strong></span> <span class='ocrx_word' id='word_1_273' title='bbox 791 2671 846 2709; x_wconf 81' lang='lat'><strong>20</strong></span> <span class='ocrx_word' id='word_1_274' title='bbox 875 2680 1017 2720; x_wconf 86' lang='lat' dir='ltr'><strong>puero</strong></span> <span class='ocrx_word' id='word_1_275' title='bbox 1048 2672 1098 2708; x_wconf 80' lang='lat' dir='ltr'><strong>ut:</strong></span> <span class='ocrx_word' id='word_1_276' title='bbox 1127 2668 1178 2707; x_wconf 80' lang='lat' dir='ltr'><strong>br</strong></span> <span class='ocrx_word' id='word_1_277' title='bbox 1216 2665 1234 2721; x_wconf 80' lang='grc' dir='ltr'>Η</span> <span class='ocrx_word' id='word_1_278' title='bbox 1273 2668 1564 2720; x_wconf 82' lang='lat' dir='ltr'><strong>praeciperet</strong></span> <span class='ocrx_word' id='word_1_279' title='bbox 1591 2680 1616 2706; x_wconf 79' lang='lat' dir='ltr'><strong>r</strong></span> <span class='ocrx_word' id='word_1_280' title='bbox 1652 2665 1923 2718; x_wconf 83' lang='lat' dir='ltr'><strong>praecinere</strong></span> 
     </span>
     <span class='ocr_line' id='line_1_40' title="bbox 324 2718 1906 2778; baseline -0.002 -13"><span class='ocrx_word' id='word_1_281' title='bbox 324 2724 366 2764; x_wconf 93' lang='lat' dir='ltr'><em>B</em></span> <span class='ocrx_word' id='word_1_282' title='bbox 406 2726 669 2778; x_wconf 79' lang='lat' dir='ltr'><strong>precineret</strong></span> <span class='ocrx_word' id='word_1_283' title='bbox 698 2725 738 2764; x_wconf 87' lang='lat' dir='ltr'><em>D</em></span> <span class='ocrx_word' id='word_1_284' title='bbox 794 2721 814 2778; x_wconf 78' lang='grc' dir='ltr'>Η</span> <span class='ocrx_word' id='word_1_285' title='bbox 869 2724 1117 2775; x_wconf 84' lang='lat' dir='ltr'><strong>hymeneus</strong></span> <span class='ocrx_word' id='word_1_286' title='bbox 1147 2723 1229 2764; x_wconf 91' lang='lat' dir='ltr'><strong>BR</strong></span> <span class='ocrx_word' id='word_1_287' title='bbox 1295 2722 1314 2777; x_wconf 83' lang='grc' dir='ltr'>Η</span> <span class='ocrx_word' id='word_1_288' title='bbox 1377 2725 1428 2763; x_wconf 82' lang='grc'><strong>21</strong></span> <span class='ocrx_word' id='word_1_289' title='bbox 1467 2725 1719 2763; x_wconf 79' lang='lat' dir='ltr'><strong>rennuente</strong></span> <span class='ocrx_word' id='word_1_290' title='bbox 1750 2721 1832 2762; x_wconf 86' lang='lat' dir='ltr'><strong>BR</strong></span> <span class='ocrx_word' id='word_1_291' title='bbox 1886 2718 1906 2774; x_wconf 84' lang='grc' dir='ltr'><strong>ΙΙ</strong></span> 
     </span>
     <span class='ocr_line' id='line_1_41' title="bbox 324 2776 1906 2831; baseline -0.003 -11"><span class='ocrx_word' id='word_1_292' title='bbox 324 2782 379 2822; x_wconf 86' lang='grc'><strong>29</strong></span> <span class='ocrx_word' id='word_1_293' title='bbox 428 2782 520 2821; x_wconf 83' lang='lat' dir='ltr'><strong>iam</strong></span> <span class='ocrx_word' id='word_1_294' title='bbox 561 2784 685 2821; x_wconf 81' lang='lat' dir='ltr'><strong>artos</strong></span> <span class='ocrx_word' id='word_1_295' title='bbox 723 2780 928 2820; x_wconf 79' lang='lat' dir='ltr'><strong>Bartlzius</strong></span> <span class='ocrx_word' id='word_1_296' title='bbox 965 2781 1024 2820; x_wconf 80' lang='lat' dir='ltr'><strong>ad</strong></span> <span class='ocrx_word' id='word_1_297' title='bbox 1054 2780 1325 2820; x_wconf 80' lang='lat' dir='ltr'><strong>Claudianum</strong></span> <span class='ocrx_word' id='word_1_298' title='bbox 1350 2792 1396 2831; x_wconf 85' lang='lat' dir='ltr'><strong>p.</strong></span> <span class='ocrx_word' id='word_1_299' title='bbox 1430 2780 1511 2818; x_wconf 73' lang='lat'><strong>461</strong></span> <span class='ocrx_word' id='word_1_300' title='bbox 1558 2778 1720 2817; x_wconf 82' lang='lat' dir='ltr'><strong>matris</strong></span> <span class='ocrx_word' id='word_1_301' title='bbox 1752 2776 1833 2817; x_wconf 88' lang='lat' dir='ltr'><strong>BR</strong></span> <span class='ocrx_word' id='word_1_302' title='bbox 1886 2778 1906 2830; x_wconf 79' lang='grc' dir='ltr'>Η</span> 
     </span>
     <span class='ocr_line' id='line_1_42' title="bbox 324 2832 1921 2890; baseline -0.003 -15"><span class='ocrx_word' id='word_1_303' title='bbox 324 2838 481 2887; x_wconf 89' lang='lat' dir='ltr'><strong>prensi</strong></span> <span class='ocrx_word' id='word_1_304' title='bbox 507 2837 775 2877; x_wconf 78' lang='lat' dir='ltr'><strong>Burmannus</strong></span> <span class='ocrx_word' id='word_1_305' title='bbox 797 2836 967 2876; x_wconf 73' lang='lat' dir='ltr'><strong>Anthol.</strong></span> <span class='ocrx_word' id='word_1_306' title='bbox 999 2836 1027 2875; x_wconf 93' lang='lat' dir='ltr'><em>I</em></span> <span class='ocrx_word' id='word_1_307' title='bbox 1041 2881 1045 2884; x_wconf 88' lang='lat'><em>.</em></span> <span class='ocrx_word' id='word_1_308' title='bbox 1066 2838 1149 2875; x_wconf 81' lang='lat'><strong>747</strong></span> <span class='ocrx_word' id='word_1_309' title='bbox 1196 2833 1215 2890; x_wconf 82' lang='grc' dir='ltr'>Η</span> <span class='ocrx_word' id='word_1_310' title='bbox 1265 2834 1467 2875; x_wconf 85' lang='lat' dir='ltr'><strong>crinibus</strong></span> <span class='ocrx_word' id='word_1_311' title='bbox 1498 2834 1703 2884; x_wconf 75' lang='lat' dir='ltr'><strong>Heinsius</strong></span> <span class='ocrx_word' id='word_1_312' title='bbox 1734 2835 1775 2872; x_wconf 84' lang='lat' dir='ltr'><strong>in</strong></span> <span class='ocrx_word' id='word_1_313' title='bbox 1805 2832 1921 2872; x_wconf 85' lang='lat' dir='ltr'><strong>Bur·</strong></span> 
     </span>
     <span class='ocr_line' id='line_1_43' title="bbox 323 2886 1677 2944; baseline -0.001 -14"><span class='ocrx_word' id='word_1_314' title='bbox 323 2896 466 2932; x_wconf 82' lang='lat' dir='ltr'><strong>manni</strong></span> <span class='ocrx_word' id='word_1_315' title='bbox 486 2893 632 2934; x_wconf 81' lang='lat' dir='ltr'><strong>Ouidio</strong></span> <span class='ocrx_word' id='word_1_316' title='bbox 655 2893 714 2933; x_wconf 92' lang='lat' dir='ltr'><strong>II</strong></span> <span class='ocrx_word' id='word_1_317' title='bbox 734 2895 823 2932; x_wconf 84' lang='lat'><strong>330</strong></span> <span class='ocrx_word' id='word_1_318' title='bbox 862 2892 1055 2944; x_wconf 86' lang='lat' dir='ltr'><strong>uirginis</strong></span> <span class='ocrx_word' id='word_1_319' title='bbox 1077 2893 1309 2932; x_wconf 78' lang='lat' dir='ltr'><strong>Roeuerius</strong></span> <span class='ocrx_word' id='word_1_320' title='bbox 1339 2890 1516 2930; x_wconf 87' lang='lat' dir='ltr'><strong>uiribus</strong></span> <span class='ocrx_word' id='word_1_321' title='bbox 1539 2889 1619 2929; x_wconf 81' lang='lat' dir='ltr'><strong>BR</strong></span> <span class='ocrx_word' id='word_1_322' title='bbox 1659 2886 1677 2942; x_wconf 81' lang='grc' dir='ltr'><strong>Π</strong></span> 
     </span>
    </p>
   </div>
  </div>
 </body>
</html>
