1982 3230
0 0 87 149 ᾺΙῌ
148 56 157 75 ³
230 83 231 86 ’
746 61 1055 141 ΜΒΕΒΠΠ
1268 146 1270 150 ,
1584 92 1684 146 117

82 246 282 311 pennati
307 234 510 295 alicuius
535 256 693 306 penna
723 247 796 291 est
820 248 875 291 ut
901 257 984 291 ex·
988 241 1167 308 >cepto
1194 255 1252 290 eo
1278 239 1410 306 quod
1436 240 1486 288 in
1513 237 1676 303 aliquo

83 322 294 381 pennato
315 320 389 366 est
413 313 471 364 ad
498 311 617 362 nihil
643 313 820 363 referri
846 314 1012 376 possit
1053 327 1169 362 sane
1189 309 1483 361 admonendi
1504 322 1673 359 sumus
1704 315 1789 357 379

80 402 144 437 ne
169 401 259 437 nos
282 385 462 451 pudeat
487 383 641 433 uerba
668 399 797 432 noua
833 383 996 432 facere
1022 399 1115 448 pro
1141 383 1432 432 necessitate
1469 394 1680 430 conuer-

83 459 414 508 sionis.nan1
444 456 483 504 si
511 461 677 504 mutua
709 456 968 504 conuersio
996 467 1094 503 non
1123 453 1401 517 respondet,
1429 467 1528 501 non
1554 450 1680 500 rela-

36 536 59 570 ὃ
81 531 181 579 tiue
207 528 531 578 enuntiamus.
606 526 702 574 hoc
730 525 902 574 modo:
941 539 1051 573 cum
1081 525 1187 573 dico
1213 538 1468 588 pennam
1505 520 1682 572 uolens

82 613 187 649 eam
215 597 473 647 ostendere
499 595 771 653 relatiuam,
800 610 896 643 non
926 611 1004 644 me
1030 595 1212 659 pudeat
1237 600 1568 657 pennatum
1597 591 1680 641 ali·
1884 640 1907 665 ι

81 669 194 736 quid
230 674 433 733 propter
481 668 853 716 conuersionem
890 666 1068 716 dicere.
1142 670 1214 714 est
1249 666 1378 713 enim
1413 668 1679 729 pennatum
1703 667 1838 710 1146
1880 700 1896 719 ,

78 741 144 789 ita
181 741 411 788 usitatum
447 745 501 788 ut
537 753 682 787 aures
717 752 814 785 non
853 737 1082 787 offendat.
1160 738 1198 785 si
1236 736 1295 784 de
1331 735 1457 799 pede
1493 739 1679 798 agatur,

78 825 179 861 non
204 810 386 874 pudeat
422 808 568 863 simili
596 809 900 858 deriuatione
936 809 1121 871 fingere
1159 812 1329 856 notum
1367 805 1681 855 conuersioni

16 890 58 942 ἕο
79 881 308 932 uerbum.
382 882 498 929 item
526 882 654 929 scire
690 885 884 943 oportet
919 894 1054 936 eum,
1085 880 1167 944 qui
1203 877 1463 927 relatiuum
1496 874 1679 940 aliquid

79 951 139 1013 ad
166 952 280 1017 quid
318 952 563 1000 referatur
598 952 816 1015 ignorat,
856 965 946 998 nec
975 951 1172 1011 omnino
1209 956 1374 998 utrum
1402 948 1460 996 ad
1497 946 1678 1011 aliquid

15 1033 20 1049 ⁷
78 1023 254 1072 referri
280 1023 435 1087 possit
471 1022 516 1070 id
545 1022 673 1085 quod
702 1021 819 1069 dicit
844 1022 970 1069 scire
1003 1036 1162 1084 posse.
1239 1019 1332 1067 hoc
1358 1018 1529 1067 modo:
1568 1031 1678 1066 cum

81 1094 286 1143 dicimus
324 1094 441 1141 ‘hoc
469 1091 670 1157 duplum
712 1093 814 1140 est'
851 1093 977 1139 nosti
1014 1090 1242 1156 simplum
1280 1091 1400 1146 eius,
1438 1089 1484 1138 id
1513 1094 1587 1137 est
1620 1087 1679 1136 ad

81 1164 210 1229 quod
238 1162 439 1228 duplum
468 1163 550 1220 sit,
591 1168 673 1212 aut
699 1165 740 1212 si
766 1161 883 1210 illud
910 1163 1138 1225 ignoras.
1168 1177 1260 1210 nec
1285 1162 1484 1209 omnino
1511 1165 1679 1212 utrum

15 1243 56 1278 15
81 1234 282 1299 duplum
310 1236 371 1283 sit
399 1235 525 1283 scire
552 1240 712 1297 poteS.

221 1316 445 1354 FACERE
474 1310 521 1353 et
544 1315 680 1352 ΡΑΤΙ
706 1309 911 1367 possunt
935 1303 1120 1352 habere
1146 1304 1449 1352 contrarium
1477 1308 1531 1351 ut
1558 1300 1684 1350 cale·
1715 1305 1801 1346 380

0 1392 11 1410 ·-
81 1375 243 1425 facere
280 1376 577 1436 refrigerare
616 1380 662 1423 et
698 1372 909 1423 calefieri
943 1374 1241 1437 refrigerari.
1318 1372 1502 1422 habent
1537 1373 1682 1421 etiam

78 1446 234 1510 magis
269 1453 317 1495 et
359 1447 521 1494 minus
565 1452 620 1494 ut
667 1447 825 1507 magis
870 1451 915 1493 et
958 1447 1121 1494 minus
1165 1459 1311 1494 urere
1352 1451 1400 1493 et
1437 1446 1594 1507 magis
1637 1449 1686 1491 et

80 1518 240 1566 minus
265 1518 358 1565 uri.

15 1598 58 1632 κο
222 1598 380 1638 SITVS
419 1587 576 1635 omnis
610 1587 974 1636 denominatiue
1001 1587 1179 1636 dicitur
1205 1592 1259 1635 ut
1283 1585 1456 1634 sedere
1492 1585 1552 1634 ab
1581 1599 1680 1634 ses·
1713 1590 1798 1630 381

80 1658 240 1714 sione,
279 1664 409 1707 stare
434 1657 495 1706 ab
524 1660 745 1706 statione.
822 1664 870 1706 et
897 1659 1123 1722 quamuis
1156 1672 1255 1706 non
1291 1671 1560 1720 numquam
1596 1670 1683 1703 no-

79 1730 208 1778 mina
238 1729 491 1786 deficiant,
521 1744 577 1777 ex
608 1727 785 1792 quibus
811 1729 932 1777 situs
958 1729 1334 1777 denominantur
1369 1729 1494 1776 ratio
1519 1734 1684 1775 tamen

80 1813 178 1848 non
205 1799 380 1848 deficit.

222 1869 291 1918 De
316 1868 412 1918 illis
437 1868 595 1918 tribus
622 1884 745 1933 quae
771 1874 957 1918 restant
991 1884 1136 1933 supra
1166 1869 1290 1917 dicta
1320 1867 1543 1932 exempla
1578 1867 1679 1917 suf·
1713 1871 1799 1912 382

17 1952 59 1998 25
82 1940 264 1988 ficiunt.
341 1950 579 1999 QVANDO
609 1941 738 1988 enim
766 1939 973 1988 dicimus
1017 1947 1071 1988 ut
1115 1940 1248 1989 heri
1297 1954 1455 1995 craS‚
1490 1951 1590 1987 VBI
1627 1943 1682 1987 ut

81 2009 304 2059 Romae
331 2010 614 2066 AtheniS,
643 2021 908 2059 HABITVM
935 2017 987 2059 ut
1015 2009 1337 2059 calciatum
1366 2017 1679 2058 armatum.

82 2081 196 2145 quid
234 2082 411 2130 horum
448 2082 654 2146 recipiat
678 2083 832 2143 magis
860 2087 907 2129 et
943 2082 1104 2130 minus
1132 2096 1241 2130 cum
1269 2083 1319 2129 in
1356 2095 1584 2130 sermone
1611 2081 1684 2129 in-

82 2151 255 2201 ciderit
281 2151 420 2200 facile
446 2157 665 2215 apparet.

222 2222 345 2271 Istae
380 2229 494 2271 sunt
527 2222 695 2271 decem
735 2222 1153 2286 praedicationes,
1195 2238 1254 2272 ex
1291 2222 1468 2287 quibus
1505 2221 1683 2286 aliquid
1715 2226 1800 2267 383

17 2303 61 2338 ao
82 2293 364 2342 necessario
391 2291 668 2355 singillatim
699 2294 1024 2342 enuntiamus.
1082 2308 1193 2342 nam
1221 2293 1455 2359 quicquid
1484 2292 1683 2340 omnino

82 2364 347 2413 dixerimus
373 2364 502 2428 quod
533 2362 713 2429 aliquid
741 2364 1004 2426 significet,
1034 2365 1249 2413 nondum
1279 2371 1439 2413 tamen
1468 2361 1684 2425 intellegi

83 2435 236 2498 possit
271 2448 330 2482 an
372 2448 544 2482 uerum
585 2449 645 2482 an
684 2433 857 2483 falsum
894 2436 979 2490 sit,
1019 2450 1168 2484 unum
1210 2442 1284 2484 est
1310 2436 1369 2483 de
1409 2435 1485 2483 his
1514 2434 1681 2482 decem

197 2606 217 2642 1
249 2604 429 2656 pinnati
451 2599 546 2656 3¹1
643 2603 833 2655 pinnato
856 2600 1000 2657 B¹R11
1039 2603 1328 2644 ammonendi
1348 2603 1431 2644 BR
1458 2599 1476 2656 Η
1506 2605 1531 2643 3
1564 2614 1686 2642 noua

82 2659 224 2700 uerba
245 2660 282 2700 R
314 2655 334 2713 Ι]
368 2672 449 2712 pro
471 2657 495 2698 b
527 2599 577 2698 ult
597 2658 679 2698 BR
773 2660 798 2699 5
829 2600 1090 2699 nuntiamus
1112 2659 1212 2700 B¹R
1260 2657 1489 2714 lpinnam
1510 2656 1612 2699 B¹R

84 2717 111 2756 6
145 2721 186 2756 el
221 2717 245 2757 7
276 2716 517 2768 pinnatum
554 2714 655 2755 B¹R
777 2717 802 2756 9
835 2716 1112 2756 diriuatione
1147 2716 1189 2755 B
1237 2713 1242 2770 Ι
1307 2718 1358 2757 15
1387 2719 1542 2769 potest
1563 2715 1600 2756 R

87 2771 140 2811 16
172 2771 276 2824 quid
307 2772 464 2812 facere
498 2771 664 2825 quidp
670 2774 735 2812 ati
768 2778 865 2812 ante
897 2772 1052 2812 facere
1084 2774 1184 2813 add.
1208 2772 1290 2813 BR
1337 2769 1356 2826 ΙΙ
1409 2773 1459 2812 18
1493 2775 1538 2812 et
1560 2772 1601 2811 D
1631 2763 1702 2810 ut'

85 2826 167 2867 BR
199 2824 218 2881 ss
264 2830 318 2869 20
351 2829 407 2869 ab
430 2828 511 2868 BR
542 2842 569 2869 a
591 2829 614 2868 b
635 2786 682 2882 pl}
731 2830 785 2869 25
809 2829 874 2868 eri
900 2828 937 2868 B
976 2824 998 2881 11
1037 2830 1090 2868 26
1121 2828 1327 2869 habitum
1352 2830 1387 2869 R
1434 2825 1454 2883 ll
1504 2828 1690 2869 calcea-

86 2890 180 2923 tum
201 2882 258 2923 B¹
307 2880 328 2937 ss
374 2886 429 2925 27
460 2897 711 2926 sermonem
734 2886 758 2925 b
797 2882 818 2939 Η
