1982 3230
435 103 725 148 CAESARIS
759 99 1102 145 GERMANICI
1132 98 1379 141 ARATEA
1607 94 1714 147 385

36 283 38 285 ψ
91 248 323 299 manibus
371 261 581 312 anguem
628 246 711 310 qui
755 259 863 295 esse
909 242 1103 292 dicitur.
1191 238 1476 304 Aesclapius
1532 244 1712 302 rogatu

93 318 328 385 Apollinis
362 318 517 384 patris
551 316 612 366 ab
640 316 757 366 Ioue
795 315 940 365 astris
976 311 1182 369 inlatuS,
1222 311 1305 374 qui
1329 310 1388 360 ab
1417 325 1475 359 eo
1503 308 1711 360 fulmine

11 412 34 454 :3
95 396 201 439 erat
226 388 544 444 interfectus,
582 386 713 451 quod
743 391 872 436 esset
896 384 1179 448 indignatus
1205 381 1426 446 luppiter
1455 395 1566 430 eum
1605 386 1710 430 arte

15 451 31 471 ‘
96 475 180 509 sua
229 474 403 508 rursus
447 464 558 523 post
602 456 790 506 obitum
828 454 1073 505 defunctis
1118 453 1305 503 animas
1350 452 1613 502 restituere
1652 449 1713 499 ad

26 551 28 553 >
51 543 75 577 ⁵
96 531 263 580 uitam.
315 529 454 579 cuius
480 527 617 578 stella
645 526 824 576 clarior
852 532 940 575 est.
999 523 1149 574 habet
1175 521 1341 573 stellas
1366 523 1473 587 ipse
1497 520 1630 571 XVII
1668 525 1715 570 et

93 598 321 651 ANGUIS
349 614 495 664 quem
532 603 666 648 tenet
693 595 856 646 stellas
891 593 1060 644 XXIII.
1111 593 1261 643 habet
1287 591 1452 642 stellas
1479 593 1527 640 in
1556 592 1715 656 capite

97 669 280 721 claram
308 684 471 725 unam,
502 670 551 718 in
571 666 775 732 singulis
798 667 984 716 umeris
1007 663 1180 721 claraS,
1210 665 1259 713 in
1280 662 1485 726 singulis
1506 661 1715 726 pedibus

97 739 283 797 claraS,
310 742 358 789 in
389 741 587 790 sinistra
614 753 762 788 manu
788 737 878 794 III,
919 737 967 785 in
996 736 1197 785 dextera
1222 733 1335 791 IIII,
1378 732 1461 800 [ex
1490 733 1567 782 his
1595 731 1718 782 duas

21 857 28 864 ,
99 813 150 862 in
177 811 378 861 dextera
414 809 594 876 manu]
624 809 673 858 in
700 807 903 872 singulis
940 806 1117 856 cubitis
1151 803 1395 869 singulas,
1434 805 1483 852 in
1511 802 1720 867 singulis

18 878 76 933 ’,ιο
99 881 310 947 genibus
336 879 572 944 singulas,
599 881 650 928 in
678 879 851 928 dextro
879 893 1025 927 crure
1054 876 1328 926 clariorem.
1356 890 1547 924 summa
1562 873 1710 923 XVII.
1739 878 1849 920 44ss

20 982 26 995 -.
93 953 343 1017 serpentis
369 952 417 1001 in
445 951 645 1000 oreficio
674 950 826 1006 duas,
853 950 904 997 in
932 949 1090 1012 capite
1117 948 1298 1013 spissas
1326 945 1441 1003 IIII,
1470 961 1627 1010 usque
1655 943 1716 994 ad

96 1038 295 1072 manum
318 1021 529 1085 Asclepii
556 1020 680 1071 aliae
708 1020 836 1070 duae
864 1019 993 1068 etad
1012 1033 1214 1074 manum
1243 1019 1349 1067 eius
1376 1015 1572 1072 clarior,
1603 1030 1714 1065 cum

20 1118 21 1123 =
97 1108 310 1157 corpore
335 1091 546 1156 Asclepii
572 1091 703 1147 VIII,
742 1090 930 1140 flexura
957 1089 1070 1146 1111,
1111 1096 1160 1139 et
1195 1087 1411 1138 secunda
1440 1086 1628 1157 flexura
1657 1085 1717 1135 ad

97 1165 290 1213 tertiam
342 1178 498 1227 usque
549 1162 609 1211 ad
653 1161 860 1211 caudam
912 1176 1023 1211 sex:
1082 1174 1255 1210 omnes
1300 1158 1546 1224 serpentis
1596 1157 1720 1206 fiunt

35 1245 79 1278 ιε
101 1233 349 1300 xxviii>

241 1317 369 1383 <Hic
404 1316 467 1367 ob
495 1316 882 1380 magnitudinem
909 1316 958 1364 in
985 1315 1083 1365 duo
1120 1314 1366 1363 domicilia
1395 1315 1623 1378 partitur.
1673 1318 1720 1362 et
1741 1323 1857 1364 45Β

99 1389 233 1438 enim
254 1387 350 1437 alio
377 1387 584 1437 tendunt
609 1386 809 1436 brachia
837 1387 958 1443 eiuS,
989 1384 1083 1436 alio
1104 1399 1285 1449 corpus
1312 1391 1360 1434 et
1376 1384 1531 1434 cauda
1557 1385 1717 1432 inten-

98 1458 284 1508 duntur
310 1463 457 1523 atque
483 1457 700 1507 aculeus,
728 1457 860 1506 hunc
887 1456 1054 1506 ferunt
1080 1472 1138 1506 ex
1159 1461 1292 1505 terra
1322 1460 1484 1505 ortum
1507 1453 1722 1504 submis-

102 1543 325 1594 sumque,
354 1530 436 1592 qui
449 1528 631 1578 Oriona
660 1528 962 1578 interficeret
983 1527 1045 1576 ob
1068 1529 1172 1576 eius
1197 1526 1559 1591 loquacitatem,
1590 1525 1722 1590 quod

35 1610 82 1643 20
106 1615 165 1649 ex
190 1600 452 1649 uenatione
488 1597 671 1648 nullam
707 1614 761 1649 se
802 1598 956 1648 feram
992 1598 1276 1662 relinquere
1314 1598 1515 1646 diceret.
1582 1598 1721 1660 isque

105 1670 289 1720 Oriona
322 1670 568 1735 percussit
596 1675 644 1719 et
668 1669 860 1719 occidit.
901 1669 962 1718 ob
992 1668 1123 1735 quod
1151 1683 1176 1718 a
1203 1668 1323 1717 Ioue
1359 1669 1502 1716 astris
1539 1666 1722 1715 inlatus

104 1747 195 1805 est,
223 1748 278 1790 ut
304 1741 408 1790 eius
434 1746 657 1790 naturam
686 1740 836 1790 futuri
863 1740 1085 1789 homines
1121 1737 1524 1803 intellegerent.)
1587 1736 1721 1800 Nigi-

104 1811 213 1860 dius
232 1812 296 1861 ita
318 1811 458 1861 dicit:
489 1810 889 1862 SCORPIONEM
916 1811 974 1860 ad
1000 1810 1270 1874 perniciem
1285 1808 1480 1859 Orionis
1506 1809 1557 1857 in
1584 1808 1720 1857 insu·

218 2009 270 2048 16
304 2007 483 2049 Catast.
514 2022 558 2062 p.
592 2010 689 2061 243,
724 2010 777 2048 14
799 2030 851 2037 -
876 2008 972 2058 244,
997 2010 1022 2047 2

223 2192 239 2230 1
274 2190 521 2244 Asclepius
551 2191 595 2231 P
650 2189 658 2246 Ι
705 2194 731 2232 2
761 2191 957 2232 inlatum
990 2191 1024 2233 0
1061 2193 1176 2246 quod
1206 2192 1385 2233 correxi
1431 2187 1451 2246 ΙΙ
1501 2192 1527 2232 5
1559 2191 1732 2232 clarior

106 2247 238 2287 estP
267 2247 510 2288 clariorem
531 2247 574 2287 B
621 2244 627 2301 Ι
689 2249 714 2288 6
746 2249 863 2290 immo
884 2248 1063 2289 XXVII
1101 2245 1120 2302 ΙΙ
1168 2250 1191 2288 7
1214 2248 1416 2288 humeris
1436 2248 1478 2287 P
1512 2244 1534 2302 ΙΙ
1571 2249 1729 2302 singu-

103 2303 175 2343 las
194 2302 237 2343 B
255 2299 276 2357 ΙΙ
295 2304 320 2344 8
342 2301 419 2344 ἐπὶ
439 2305 525 2356 τῆ(
547 2302 696 2345 δεξιᾶ(
719 2303 874 2357 χειρὸς
894 2298 953 2358 γ’,
977 2303 1053 2345 ἐπὶ
1075 2306 1161 2357 τῆς
1183 2302 1423 2356 ἀριετερᾶε
1444 2298 1483 2344 δ’
1508 2304 1670 2344 Catast.
1693 2300 1712 2357 ΙΙ

106 2371 232 2399 ex—
253 2372 392 2400 manu
422 2361 562 2400 deleui
607 2356 627 2413 ΙΙ
678 2361 719 2401 is
747 2359 790 2400 B
836 2358 854 2414 ΙΙ
903 2363 928 2402 9
959 2362 1009 2400 in
1036 2382 1093 2390 -
1122 2363 1175 2402 10
1205 2361 1411 2414 singulas
1443 2373 1522 2401 om.
1555 2361 1597 2401 P
1640 2357 1659 2414 ΙΙ
1705 2362 1731 2400 9

108 2414 209 2457 cub.
243 2415 359 2467 sing.
392 2415 434 2455 B
468 2413 488 2469 ΙΙ
525 2417 576 2456 10
609 2415 852 2456 clariorem
882 2416 925 2456 B
957 2416 1155 2457 clariore
1189 2418 1230 2457 P
1252 2413 1271 2469 ΙΙ
1306 2417 1414 2457 XVI
1446 2416 1480 2457 0
1515 2412 1536 2471 ΙΙ
1579 2418 1630 2456 12
1664 2420 1735 2457 est

106 2483 187 2522 pro
220 2470 320 2511 eius
350 2470 393 2510 B
430 2467 450 2524 ΙΙ
492 2473 544 2512 13
578 2484 766 2525 corpere
789 2473 831 2512 P
867 2469 886 2526 ΙΙ
924 2472 1062 2514 VIIII
1092 2471 1152 2513 B¹
1188 2470 1193 2526 Ι
1243 2474 1296 2513 14
1327 2485 1409 2514 sex
1439 2473 1645 2514 Heinsius
1678 2485 1735 2514 ex

109 2526 142 2567 0
178 2530 198 2580 ΙΙ
239 2527 291 2567 15
322 2528 440 2568 immo
461 2527 635 2568 XXVII
683 2524 702 2582 ΙΙ
755 2530 806 2569 16
837 2527 1123 2570 dominicilia
1151 2528 1193 2569 B
1261 2525 1282 2583 Ι]
1332 2530 1383 2569 17
1418 2529 1507 2570 alio
1538 2529 1735 2570 tendunt

106 2583 266 2636 scripsi
300 2589 346 2623 ul
389 2585 469 2623 iam
498 2584 595 2635 fere
633 2584 676 2624 V
713 2583 796 2624 alii
837 2583 991 2637 (aliud
1019 2586 1087 2639 B)
1122 2585 1366 2626 attendunt
1406 2585 1440 2626 G
1484 2582 1505 2639 ΙΙ
1555 2587 1653 2628 eius
1694 2585 1737 2626 B

111 2639 154 2679 ei
185 2639 226 2678 P
250 2635 271 2694 ΙΙ
299 2639 392 2680 alio
422 2641 582 2692 scripsi
612 2639 695 2681 alii
726 2640 760 2680 G
785 2637 807 2695 ΙΙ
836 2641 985 2683 cauda
1015 2642 1315 2683 intenduntur
1344 2644 1504 2694 scripsi
1534 2644 1733 2684 caudam

106 2694 445 2749 intelleguntur
477 2694 829 2750 (intelliguntur
849 2694 917 2750 P)
951 2698 986 2738 Ο
1019 2695 1037 2752 ΙΙ
1075 2700 1128 2741 18
1160 2702 1206 2739 et
1237 2698 1426 2739 aculeus
1464 2700 1506 2739 V
1534 2700 1592 2741 ob
1625 2713 1734 2742 acu-

107 2750 231 2791 leum
257 2751 301 2791 B
331 2765 388 2792 ac
419 2752 663 2794 baculeum
691 2754 732 2794 P
769 2750 789 2808 Ι]
826 2757 1017 2794 mortum
1048 2755 1424 2808 summissumque
1454 2754 1499 2795 B
1533 2753 1552 2811 ΙΙ
1595 2758 1646 2798 19
1677 2759 1734 2800 ob

110 2806 208 2848 eius
244 2808 286 2848 V
315 2808 373 2848 ab
398 2808 495 2850 eius
516 2809 558 2848 B
589 2809 647 2849 ab
681 2809 725 2850 ei
755 2810 798 2849 P
819 2807 840 2864 ΙΙ
868 2809 1153 2862 loquacitate
1178 2811 1211 2852 0
1239 2825 1353 2853 corr.
1384 2811 1429 2851 V
1442 2808 1461 2866 ΙΙ
1482 2814 1537 2855 20
1567 2813 1732 2866 hisque

109 2863 151 2902 P
194 2859 215 2916 ΙΙ
263 2865 316 2904 21
347 2865 654 2918 percussussit
686 2866 727 2905 B
775 2862 795 2920 ΙΙ
842 2868 896 2907 22
927 2869 978 2907 ut
1008 2880 1085 2908 om.
1119 2866 1160 2907 B
1199 2865 1218 2921 ΙΙ

195 2959 464 2991 HARTIANUS
487 2962 698 2993 cAPELLA
1327 2937 1398 2991 25
