1982 3230
21 872 64 904 10

21 1223 63 1255 15

716 80 903 123 LIBER
932 79 1071 122 VIIII

340 222 670 289 pastoralibus
696 222 877 272 ardens

342 294 556 359 palmam
583 293 716 343 dedit
742 293 916 343 cicutis

340 363 482 429 pulso
511 370 558 414 et
582 363 783 414 luminis
809 377 929 413 auro

340 435 511 500 pandit
537 441 701 499 saepta
731 433 983 483 balantum

341 506 660 570 sordentique
687 505 921 568 adoperta

339 577 494 641 pratis
521 575 700 640 gaudet
724 576 929 624 amictu:

340 646 436 696 hoc
461 653 580 696 tunc
605 647 782 695 comite
808 652 959 693 noctu

339 718 497 782 pascit
522 722 688 766 monte
716 714 954 780 capellas:

342 794 572 852 spectans
597 787 759 837 sidera
788 785 958 834 muudi

340 873 482 922 mage
509 862 775 922 percrepat
801 854 993 919 flagello

340 943 434 979 nec
461 942 638 978 curare
669 927 876 977 deorum

339 1014 492 1063 pensa
519 1006 602 1048 aut
628 999 759 1048 ferre
787 1012 1019 1047 susurros

339 1069 453 1119 illex
480 1070 713 1119 carminis
739 1067 889 1132 ampli

342 1155 541 1204 aegram
578 1155 695 1189 cura
723 1140 899 1202 coegit.

340 1211 515 1261 temnit
540 1212 697 1259 noctis
724 1210 982 1266 honorem,

341 1281 561 1346 praefert
587 1286 726 1330 antra
755 1279 948 1329 subulci

340 1367 466 1417 rupe
493 1357 542 1401 et
567 1352 690 1401 dura
717 1351 941 1414 quiescit,

343 1429 391 1472 et
415 1427 528 1487 post
552 1435 706 1484 regna
733 1420 969 1470 Tonantis

345 1499 564 1543 stramen
592 1491 784 1542 dulcius
809 1490 966 1540 herba
994 1495 1102 1540 est.’

1592 73 1698 128 345

1716 1007 1857 1050 3126?

19 1603 63 1637 20
84 1590 301 1659 <talibus
326 1591 625 1642 Harmoniae
651 1589 956 1640 carminibus
984 1589 1212 1640 oblectati
1240 1604 1410 1639 omnes
1436 1589 1699 1654 permulsi-
1730 1601 1819 1641 920

86 1678 181 1728 que
208 1662 309 1711 diui
335 1677 428 1712 nec
455 1663 618 1711 minor
639 1661 822 1726 quippe
850 1676 908 1710 ex
934 1660 1115 1710 fidibus
1143 1660 1358 1710 suauitas
1386 1676 1531 1725 quam
1560 1661 1699 1710 uocis

84 1732 420 1783 modulamine
456 1731 746 1782 resultabat.
812 1731 1024 1795 denique
1051 1746 1146 1796 qua
1181 1730 1422 1781 industria
1459 1745 1698 1796 conpara-

84 1811 190 1854 tum
227 1802 473 1869 quibusue
510 1801 881 1867 adsequendum
909 1801 1330 1866 ediscendumque
1368 1801 1546 1866 opibus
1580 1800 1701 1865 uigil

86 1888 205 1924 cura
231 1873 622 1940 re->promittat‚
652 1878 705 1922 ut
728 1873 779 1921 in
806 1879 904 1922 tam
928 1871 1122 1922 dulcem
1150 1871 1550 1936 eblanditamque
1577 1870 1700 1921 mol-

20 1957 62 1991 25
85 1943 237 1995 litiem
274 1946 445 1994 intima
476 1944 715 1994 mentium
750 1942 990 2007 liquescat
1025 1942 1246 1999 affecti0‚
1283 1941 1401 1992 loue
1427 1943 1701 1992 admirante

46 2015 49 2018 ’
87 2014 395 2079 disquiritur.

471 2030 529 2064 ac
567 2021 683 2064 tunc
710 2014 854 2078 uirgo
882 2029 992 2063 cum
1033 2014 1150 2063 artis
1175 2019 1442 2078 praecepta
1479 2029 1504 2062 a
1533 2029 1588 2062 se
1617 2029 1699 2063 ex-

84 2086 187 2150 peti
215 2085 572 2135 examinandae
602 2084 890 2134 eruditionis
915 2084 1190 2134 intentione
1227 2085 1550 2148 conspiceret,
1579 2099 1698 2148 pau·

84 2154 240 2205 lulum
277 2155 467 2206 melicis
500 2161 785 2220 temperans
822 2154 1114 2205 exhortante
1149 2169 1348 2221 quoque
1378 2154 1513 2204 Delio
1542 2153 1699 2204 Palla-

86 2226 246 2291 deque
271 2228 343 2275 sic
369 2226 530 2290 coepit

21 2323 63 2356 so
229 2311 349 2361 ‘lam
391 2311 581 2375 pridem
629 2311 825 2375 quidem
873 2325 1017 2360 exosa
1061 2311 1338 2373 terrigenas
1384 2316 1429 2359 et
1456 2308 1702 2358 fastidiosa
1732 2319 1815 2360 921

84 2380 369 2430 mortalium
406 2379 525 2430 caeli
553 2380 700 2431 orbes
737 2379 988 2431 stellantes
1021 2380 1249 2444 inspicio'
1284 2381 1333 2428 in
1369 2379 1547 2444 quibus
1582 2379 1701 2429 artis

196 2566 225 2604 4
263 2567 397 2616 septa
427 2563 510 2604 BR
571 2559 591 2616 ll
655 2564 678 2603 7
708 2562 796 2603 hoc
827 2531 987 2615 scripsi
1032 2576 1087 2604 ac
1119 2563 1201 2604 BR

86 2620 274 2661 conscia
303 2619 346 2659 B
386 2619 651 2660 constantia.
680 2620 720 2660 R
764 2619 945 2660 constia
975 2633 999 2659 r
1038 2618 1057 2673 ΙΙ

85 2733 140 2773 20
180 2733 414 2773 armoniae
445 2733 530 2773 BD
579 2729 599 2786 Η

87 2845 139 2886 31
171 2845 370 2898 inspicio
400 2846 558 2899 scripsi
586 2845 763 2886 incutio
792 2844 874 2885 BR
910 2841 931 2898 [l

1263 2559 1282 2616 Η
1346 2563 1513 2603 comite
1543 2563 1702 2614 scripsi

1106 2621 1158 2660 10
1188 2618 1364 2672 fagello
1395 2618 1437 2657 B
1476 2615 1494 2671 Η
1537 2619 1590 2659 14
1622 2630 1700 2658 cu-

84 2689 182 2717 ram
202 2675 304 2718 B¹R
332 2674 351 2729 11
382 2678 435 2718 15
465 2676 660 2729 tempnit
681 2676 704 2716 b
732 2672 751 2729 Η
778 2675 995 2716 honorem
1017 2676 1041 2716 b
1072 2675 1229 2716 horem
1250 2675 1324 2715 RB
1355 2674 1588 2715 horrorem
1611 2688 1636 2714 r
1663 2672 1668 2728 1

656 2731 904 2773 oblectatis
936 2731 995 2771 Βι
1044 2728 1066 2786 Η
1113 2733 1167 2773 23
1207 2730 1543 2784 assequendum
1576 2732 1614 2771 D

85 2788 140 2829 27
171 2788 358 2842 paulum
389 2790 412 2829 b
452 2786 470 2843 ΙΙ
519 2790 573 2831 28
605 2791 845 2829 exortante
867 2788 905 2829 R
943 2785 962 2843 Η
1001 2790 1057 2830 30
1088 2788 1258 2842 quippe
1290 2788 1313 2829 b
1346 2788 1526 2841 quidem
1548 2787 1630 2828 BR
