1982 3230
309 127 546 170 xxxxw
603 126 956 169 PRAEFATIO
979 125 1046 166 IN
1066 91 1796 168 MARTLANVM'CAPELLAM
1948 93 1982 189 ⁴1¹

310 270 406 319 quo
432 252 711 303 Macrobius
740 257 787 301 et
807 251 1074 300 Martianus
1098 251 1384 306 hauserunt,
1414 252 1510 300 hoc
1537 259 1609 301 est
1628 250 1919 311 Varronem,

308 340 490 403 quippe
519 352 663 399 quem
702 335 797 385 alio
838 336 983 384 etiam
1013 334 1209 400 capituli
1234 336 1379 385 huius
1406 334 1515 385 loco
1541 335 1818 386 Macrobius
1844 337 1919 386 di-

306 428 438 471 serte
473 420 747 470 laudauerit
771 425 876 470 tum
916 434 1111 469 omnem
1145 419 1500 469 dubitationem
1534 422 1585 469 ni
1610 419 1755 470 fallor
1781 419 1923 470 tollet

306 506 538 555 Varronis
578 534 637 541 —
680 506 723 554 ei
761 505 891 554 enim
927 505 1201 553 rectissime
1228 504 1547 555 Franckenus
1581 519 1629 568 p.
1657 502 1724 554 86
1758 504 1918 554 uindi-

238 638 249 644 ,
306 591 435 640 cauit
458 620 528 628 —-
554 589 885 654 fragmentum
916 589 1051 656 (Aug.
1082 589 1141 638 de
1169 589 1262 638 ciu.
1293 588 1370 639 dei
1395 589 1480 639 VII
1508 587 1588 654 16)
1626 589 1721 638 hoc
1749 587 1914 654 ‘Apol-

303 674 454 724 linem
495 676 721 740 quamuis
750 674 1077 723 diuinatorem
1106 679 1153 722 et
1178 673 1426 723 medicum
1463 672 1636 723 uelint’
1663 678 1827 723 tamen
1862 679 1919 724 ut

302 760 351 808 in
388 758 548 824 aliqua
585 764 726 824 parte
763 759 933 808 mundi
960 764 1231 808 statuerent
1266 760 1427 823 ipsum
1456 759 1600 807 etiam
1627 757 1781 807 solem
1808 772 1917 807 esse

303 844 557 900 dixerunt;
607 845 912 908 Dianamque
940 858 1224 907 germanam
1266 844 1369 892 eius
1406 842 1628 891 similiter
1662 841 1828 891 lunam
1867 847 1918 891 et

301 930 492 978 uiarum
530 928 823 993 praesidem.
899 928 1030 977 unde
1069 934 1116 977 et
1152 928 1394 991 uirginem
1430 925 1628 984 uolunt,
1666 926 1799 991 quod
1834 927 1915 975 uia

300 1013 421 1062 nihil
455 1014 614 1077 pariat
649 1019 698 1061 et
731 1012 844 1061 ideo
883 1012 1055 1061 ambos
1081 1014 1280 1076 sagittas
1306 1011 1490 1061 habere
1528 1011 1659 1076 quod
1686 1012 1790 1076 ipsa
1815 1007 1913 1060 duo
1979 1066 1982 1067 ⁷

301 1098 463 1147 sidera
499 1097 560 1146 de
596 1095 731 1145 caelo
770 1096 936 1145 radios
973 1102 1133 1146 terras
1175 1110 1331 1159 usque
1371 1095 1711 1159 pertendant.'
1788 1109 1915 1160 quae

303 1182 432 1230 enim
469 1180 747 1230 Macrobius
785 1195 889 1244 cap.
922 1178 987 1230 18
1029 1180 1295 1244 disputauit
1334 1186 1434 1230 tam
1471 1185 1575 1229 arte
1612 1195 1723 1229 cum
1758 1179 1851 1229 hac
1886 1194 1914 1229 a

300 1267 520 1314 Varrone
555 1270 608 1314 ut
633 1265 828 1314 uidetur
854 1265 1009 1313 fusius
1047 1265 1283 1328 explicata
1312 1264 1437 1313 Solis
1464 1263 1543 1313 uel
1569 1263 1803 1329 Apollinis
1829 1279 1914 1313 na-

298 1356 409 1400 tura
438 1349 705 1398 cohaerent
741 1355 795 1398 ut
822 1349 938 1413 quin
965 1348 1247 1398 Macrobius
1284 1347 1375 1397 alia
1415 1351 1561 1398 etiam
1600 1349 1763 1397 omnia
1789 1349 1913 1398 haec

299 1448 326 1482 a
346 1436 564 1483 Varrone
593 1438 841 1482 mutuatus
868 1434 928 1482 sit
954 1432 1115 1483 nullus
1142 1432 1375 1482 dubitem.
1402 1461 1471 1469 —-
1497 1434 1662 1495 itaque
1688 1446 1750 1481 ne
1779 1433 1912 1482 Nor-

298 1521 423 1569 tiam
462 1518 658 1582 quidem
700 1518 760 1583 (p.
788 1516 873 1575 24,
905 1515 985 1583 12)
1027 1533 1086 1566 ex
1112 1517 1322 1566 Etrusca
1360 1516 1617 1580 disciplina
1651 1516 1750 1569 huc
1784 1518 1910 1566 acci-

299 1608 396 1651 tam
428 1601 506 1668 (cf.
530 1602 691 1652 Muell.
721 1602 824 1651 Etr.
853 1599 983 1652 1154
1003 1601 1091 1666 sq.)
1122 1600 1201 1650 alii
1229 1607 1347 1666 puto
1374 1608 1541 1651 noster
1569 1600 1740 1651 debuit
1765 1616 1912 1666 quam

297 1687 391 1751 ipsi
416 1688 640 1735 Varroni.

439 1770 625 1820 Deinde
662 1769 984 1820 memorabile
1012 1776 1084 1818 est
1109 1771 1400 1819 Martianum
1437 1770 1496 1819 de
1522 1770 1826 1833 Harpocrate
1854 1784 1911 1820 ea

296 1856 519 1919 posuisse
558 1855 619 1919 (p.
647 1852 732 1911 24,
759 1852 843 1919 28)
885 1870 1010 1920 quae
1045 1854 1104 1903 ad
1139 1854 1349 1903 uerbum
1385 1854 1489 1903 fere
1530 1868 1641 1903 cum
1677 1853 1911 1903 Varronis

298 1939 357 1988 ab
394 1939 666 2003 Augustino
703 1940 912 1988 seruatis
949 1938 1119 1987 uerbis
1156 1945 1433 2002 congruunt
1471 1943 1676 1988 ‘uerum
1712 1937 1908 2003 quidam

295 2023 555 2072 redimitus
590 2037 714 2086 puer
753 2023 812 2071 ad
852 2037 905 2070 os
941 2037 1207 2086 conpresso
1244 2023 1395 2085 digito
1423 2022 1625 2072 salutari
1660 2022 1908 2072 silentium

298 2106 666 2155 conmonebat'.
705 2106 829 2168 Aug.
859 2107 918 2155 de
946 2108 1040 2156 ciu.
1069 2107 1147 2155 dei
1172 2106 1322 2155 XVlIl
1347 2104 1404 2156 5:
1435 2107 1505 2155 ‘in
1532 2106 1760 2156 omnibus
1785 2115 1908 2156 tem-

295 2189 390 2256 plis
420 2229 430 2239 .
456 2229 466 2239 .
500 2195 604 2239 erat
631 2191 776 2239 etiam
806 2189 1124 2240 simulacrum
1151 2191 1283 2255 quod
1319 2190 1468 2254 digito
1503 2189 1644 2240 labiis
1677 2192 1905 2255 inpresso

296 2274 563 2324 admonere
606 2275 861 2324 uideretur
905 2281 957 2324 ut
1003 2274 1249 2324 silentium
1288 2275 1451 2328 fieret:
1493 2274 1587 2323 hoc
1631 2275 1908 2338 significare

295 2358 425 2408 idem
452 2358 605 2407 Varro
634 2360 878 2408 existimat
904 2365 958 2408 ut
982 2359 1207 2409 homines
1235 2374 1320 2408 eos
1347 2359 1497 2408 fuisse
1523 2363 1809 2408 taceretur.’
1890 2375 1895 2382 ·

439 2443 619 2493 Contra
643 2446 848 2505 qenizcm
872 2445 1118 2494 Iouialem
1146 2458 1206 2492 ex
1230 2444 1401 2492 intima
1420 2443 1627 2492 Etrusca
1653 2442 1906 2506 disciplina

294 2530 501 2593 petitum
554 2527 672 2592 (uid.
702 2534 749 2591 p.
778 2527 952 2577 XXXX
990 2533 1036 2578 et
1068 2527 1229 2577 Muell.
1260 2528 1361 2577 Etr.
1391 2527 1433 2576 Π
1469 2525 1558 2592 88)
1611 2541 1792 2577 uereor
1840 2541 1904 2575 ne

296 2627 383 2661 suo
435 2611 655 2675 periculo
706 2612 974 2661 Martianus
1025 2613 1139 2660 miri
1172 2613 1312 2661 istius
1350 2612 1582 2660 carminis
1615 2611 1711 2660 hoc
1745 2612 1902 2660 uersi-

297 2696 406 2745 culo
437 2696 503 2761 (p.
532 2693 624 2753 25,
653 2693 743 2762 24)
771 2696 1070 2746 Mercurium
1105 2697 1454 2761 interpretatus
1480 2697 1555 2744 sit.
1607 2709 1901 2760 quamquam

295 2865 347 2912 in
375 2865 443 2913 eis
475 2879 599 2928 quae
626 2865 686 2915 de
713 2865 946 2915 Varronis
981 2865 1202 2915 doctrina
1228 2864 1401 2913 tradita
1429 2870 1542 2912 sunt
1574 2863 1696 2912 nihil
1730 2863 1899 2912 inueni
