1982 3230
0 0 100 178 ἶ
596 119 680 161 ΒΕ
711 118 984 161 SEPTIMO
1015 116 1200 160 LIBRO
1634 115 1718 159 LV

86 243 154 302 ‚ab
175 260 274 296 uno
303 246 560 311 profectus
586 245 705 296 dum
732 246 794 296 ad
818 232 978 296 semet
1001 246 1164 312 ipsum
1191 243 1526 310 progreditur,
1554 257 1723 293 omnes

82 345 184 395 per
209 344 330 394 quos
348 344 655 395 progressus
679 337 752 381 est
781 345 1012 381 numeros
1030 330 1434 394 comprehendat,
1462 331 1721 392 ipsumque

89 430 144 464 se
179 417 355 476 addat,
394 414 531 475 facit
562 428 823 465 numerum
858 422 966 466 octo
998 424 1047 465 et
1071 417 1275 477 zei-qimi,
1319 419 1436 477 quot
1468 415 1575 463 dies
1607 418 1724 462 sunt

83 501 339 550 curriculi
358 502 580 551 lunarzls’
618 506 752 564 patet
777 507 968 564 partem
995 499 1174 553 horum
1201 499 1497 549 Martianum
1535 499 1600 547 ita
1630 514 1714 547 ex-

87 584 332 650 pressisse
379 584 490 634 ‘hic
541 598 780 635 numerus
829 583 977 634 lunae
1021 598 1226 634 cursum
1279 583 1543 647 significat;
1604 597 1719 631 nam

91 681 246 718 unum
282 669 382 718 duo
417 672 516 719 tria
542 674 776 732 quattuor
801 670 1019 732 quinque
1052 682 1146 718 sex
1177 674 1362 731 septem
1398 670 1580 729 uiqz'nlz‘
1612 676 1722 717 octo

82 752 322 814 [πένητ’
371 754 433 818 (p.
462 750 584 811 262,
621 750 692 820 22
718 753 809 820 sq.)
837 781 907 790 —
933 768 1062 819 quae
1095 768 1210 804 cum
1244 752 1309 801 ita
1355 767 1463 802 sese
1505 750 1721 801 habeant

90 850 206 905 meo
233 838 352 887 mihi
390 838 498 888 iure
534 839 775 903 suspicari
800 838 974 888 uideor
1001 837 1165 887 omnia
1192 842 1435 902 quotquot
1461 836 1521 885 de
1556 842 1720 900 septe-

91 922 234 972 nario
260 937 470 973 numero
496 921 775 973 Marcianus
798 923 979 988 posuit,
1009 938 1036 973 e
1063 923 1286 973 Varrone
1313 937 1427 971 eum
1454 921 1672 987 petiisse.

238 1006 335 1057 Sed
379 1008 432 1057 in
467 1008 758 1058 uniuersum
804 1013 1068 1074 postquam
1103 1008 1154 1056 in
1191 1006 1405 1057 duorum
1446 1020 1722 1070 eorumque

93 1105 160 1141 ex
185 1097 414 1142 ueterum
440 1093 683 1142 sententia
720 1092 1126 1156 grauissimorum
1169 1105 1498 1140 numerorum
1535 1090 1724 1140 descri-

92 1177 267 1243 ptione
294 1183 344 1227 et
379 1175 705 1243 explicatione
732 1177 1005 1227 Varronem
1030 1176 1260 1227 Martiani
1287 1180 1540 1226 auctorem
1569 1175 1724 1225 fuisse

96 1259 493 1311 demonstratum
532 1267 628 1319 est,
678 1275 780 1310 non
814 1268 1003 1311 temere
1039 1258 1182 1310 nobis
1228 1260 1458 1309 conicere
1497 1259 1726 1308 uidemur

95 1345 335 1411 quicquid
382 1347 433 1395 in
467 1343 597 1395 libro
643 1345 727 1394 Vll
786 1344 1056 1394 Martianus
1090 1343 1255 1409 posuit
1289 1359 1349 1393 ex
1386 1345 1607 1392 Varrone
1642 1343 1724 1394 de-

90 1434 352 1494 sumptum
387 1444 511 1480 esse.
587 1428 779 1495 singula
815 1444 1043 1495 quaeque
1068 1428 1293 1495 Koppius
1319 1427 1581 1492 diligenter
1609 1443 1723 1478 cum

96 1512 493 1579 theologumenis
517 1514 872 1564 Arithmeticae
898 1514 1233 1580 comparauit,
1262 1529 1323 1564 ex
1350 1512 1531 1578 quibus
1559 1519 1724 1563 tamen

93 1597 365 1649 Martianus
391 1613 492 1649 non
517 1598 739 1649 hausisse
763 1598 976 1649 uidetur.
1014 1604 1178 1663 potest
1204 1597 1352 1648 etiam
1378 1598 1430 1647 in
1458 1614 1601 1647 usum
1632 1614 1722 1648 uo-

95 1682 203 1732 cari
227 1682 533 1742 MacrobiuS‚
561 1684 646 1750 qui
672 1698 798 1749 quae
827 1681 889 1733 de
922 1683 1191 1733 uirtutibus
1217 1697 1543 1732 numerorum
1571 1681 1723 1733 habet

102 1766 406 1818 varroniana
434 1774 518 1820 aut
542 1769 707 1818 omnia
733 1773 818 1818 aut
851 1767 1090 1834 pleraque
1117 1783 1225 1818 esse
1261 1768 1520 1817 coniciam.
1562 1782 1725 1832 neque

67 1850 403 1902 ‘dissimiliter
429 1852 492 1902 de
517 1851 776 1903 Censorini
809 1851 870 1901 de
909 1852 990 1902 die
1027 1857 1126 1900 nat.
1164 1866 1273 1916 cap.
1305 1849 1372 1901 14
1407 1851 1721 1909 iudicaueris‚

54 1975 57 1978 .
101 1936 324 2000 quicum
352 1936 575 1987 Varrone
607 1935 901 2002 aliquotiens
934 1936 1226 1986 nominatim
1262 1934 1437 2001 (ueluti
1462 1951 1511 2000 p.
1539 1933 1626 1992 34,
1660 1933 1727 1986 16

45 2018 47 2022 ⁴
102 2018 259 2083 lahn.)
296 2021 449 2070 utitur
475 2026 578 2071 tum
615 2035 716 2070 non
743 2020 920 2071 desunt
947 2036 1072 2086 quae
1099 2026 1270 2084 aperte
1298 2022 1508 2070 Varroni
1535 2019 1725 2077 debuit,

102 2102 258 2154 ueluti
282 2120 331 2171 p.
359 2102 445 2163 36,
476 2102 541 2155 12
568 2107 853 2170 ‘praeterea
879 2104 1033 2156 multa
1066 2111 1183 2156 sunt
1207 2105 1268 2156 de
1295 2104 1372 2155 his
1399 2105 1727 2156 hebdomadi-

100 2187 196 2239 bus
223 2204 350 2254 quae
374 2189 555 2240 medici
581 2204 638 2240 ac
673 2188 955 2255 philosophi
983 2189 1123 2240 libris
1161 2190 1551 2248 mandauerunt,
1592 2189 1728 2239 unde

98 2281 310 2339 apparet
333 2280 389 2324 ut
412 2277 465 2325 in
489 2275 670 2325 morbis
689 2276 795 2325 dies
814 2277 1011 2339 septimi
1031 2277 1251 2338 suspecti
1271 2280 1388 2325 sunt
1407 2289 1472 2326 ac
1496 2278 1730 2325 crisimoe

101 2359 356 2420 dabuntur,
395 2359 462 2409 ita
491 2395 503 2409 .
534 2397 545 2407 .
576 2362 618 2409 .'
670 2358 898 2410 conseres
933 2375 1047 2410 cum
1073 2358 1218 2410 Gellii
1254 2360 1338 2424 (111
1378 2357 1460 2424 10)
1502 2361 1728 2409 Varrone

99 2443 412 2498 ‘discrimina
451 2445 599 2495 etiam
635 2443 972 2509 periculorum
1005 2447 1057 2495 in
1092 2444 1283 2495 morbis
1321 2444 1508 2494 maiore
1537 2444 1586 2493 ui
1613 2443 1726 2492 fieri

104 2533 281 2593 putant
316 2529 368 2577 in
405 2527 579 2579 diebus
614 2529 703 2595 qui.
735 2532 1070 2590 conficiuntur
1099 2545 1167 2580 ex
1202 2542 1407 2579 numero
1442 2530 1730 2592 septenario

98 2625 285 2676 eosque
307 2614 413 2663 dies
436 2615 651 2664 omnium
675 2616 895 2665 maxime
918 2615 986 2665 ita
1011 2621 1066 2664 ut
1091 2614 1272 2664 medici
1297 2611 1547 2677 adpellant
1574 2627 1729 2674 κριτι-

103 2694 236 2748 κοὺς
261 2695 293 2759 ἢ
319 2695 583 2762 κριείμουε
618 2698 796 2764 cuique
830 2698 1017 2756 uideri,
1055 2700 1267 2764 primam
1294 2696 1655 2747 hebdomadam
1683 2702 1734 2747 et

104 2781 376 2833 secundam
412 2788 460 2834 et
494 2784 739 2834 tertiam.’
815 2798 977 2849 neque
1009 2789 1130 2848 puto
1166 2796 1291 2846 quae
1330 2781 1634 2832 Censorinus
1671 2798 1732 2832 ex
1819 2770 1838 2782 ‘

105 2864 294 2918 Solone
330 2866 522 2932 (fragm.
548 2865 635 2924 27,
662 2867 824 2933 Bergk
866 2883 917 2932 p.
944 2864 1064 2930 346)
1103 2865 1320 2915 laudauit
1357 2879 1404 2929 p.
1444 2863 1530 2923 35,
1568 2864 1602 2918 9
1638 2881 1731 2932 sq„
