1982 3230
746 101 934 153 L'IBER
962 110 1010 152 ΙΙ
1614 109 1688 162 49

140 249 276 303 salue
301 265 422 301 uera
448 249 594 300 deum
621 250 769 300 facies
796 250 1062 316 uultusque
1089 257 1294 316 paterne

142 327 253 372 octo
281 326 329 371 et
353 321 590 371 sescentis
616 322 850 378 numeris,
877 322 955 371 cui
981 321 1141 372 littera
1169 323 1296 371 trina
1706 330 1762 369 44
1781 328 1817 371 G

141 391 417 440 conformat
441 405 637 440 sacrum
664 393 842 442 mentis
870 404 1146 454 cognomen
1174 397 1221 442 et
1246 407 1408 442 omen.

140 460 201 511 da
227 466 366 525 pater
392 460 637 510 aetherios
663 468 879 518 mentem
907 462 1243 512 conscendere
1270 469 1439 511 coetus

18 543 49 580 ,ο
131 531 534 594 astrigerumque
562 546 703 582 sacro
731 531 822 582 sub
849 532 1048 581 nomine
1074 546 1282 582 noscere
1310 531 1519 582 coelum.

18 688 22 692 ,
64 628 142 680 his
166 628 341 678 auditis
362 629 569 679 deorum
596 630 739 680 sedes
763 630 893 680 iussa
917 635 990 679 est
1011 644 1290 693 permeare.
1327 644 1504 679 uerum
1526 629 1682 680 hemi-
1716 638 1797 678 194

68 699 202 748 tonio
230 697 534 749 subleuatam
563 699 733 765 Pyrois
762 698 974 750 circulus
1009 701 1317 756 immoratur,
1355 700 1404 748 in
1431 716 1528 765 quo
1550 699 1682 750 louis

67 768 228 818 fuerat
264 771 506 819 maximus
533 769 762 820 filiorum.
826 786 887 820 ex
914 785 1012 834 quo
1041 769 1227 820 circulo
1262 771 1399 820 uisus
1424 769 1679 836 Pyriphle-
1715 778 1796 818 195

12 837 251 906 j⁴gethon
278 841 436 890 amnis
463 839 523 889 ad
549 841 707 890 infera
734 840 980 890 demeare.
1036 855 1132 904 quo
1161 846 1491 903 transgresso,
1519 856 1680 906 neque
1714 849 1794 889 196

5 905 199 960 ἰοοῐιίηι
242 908 383 974 labor
427 910 588 960 fuerat
631 910 885 961 hemitonii
928 912 1182 960 interiecta
1216 916 1587 968 transcurrere,
1627 913 1678 960 in

8 994 29 1019 ἰ
64 978 262 1030 louialis
289 980 463 1031 sideris
489 996 767 1045 peruenere
788 981 1023 1043 fulgores,
1054 982 1194 1031 cuius
1221 979 1435 1031 circulus
1453 983 1679 1046 Phryye'o

66 1049 319 1113 phthongo
355 1051 667 1114 personabat.
719 1051 817 1100 illic
845 1052 980 1101 sidus
1007 1059 1114 1101 erat
1139 1053 1516 1115 temperamenti
1553 1053 1678 1101 uiui*

65 1119 146 1169 fici
167 1135 224 1169 ac
243 1119 453 1170 salubris
474 1120 755 1185 effulgentia
775 1121 1065 1186 blandisque
1091 1121 1339 1171 uibratum
1363 1122 1676 1173 candoribus.

67 1191 205 1239 cuius
222 1191 419 1256 quidem
445 1190 567 1241 lucis
593 1198 767 1241 natura
795 1207 853 1241 ex
876 1191 1045 1241 calidis
1068 1192 1344 1256 umidisque
1373 1194 1679 1242 commixtio-

7 1274 44 1307 15
69 1259 216 1310 nibu's
254 1261 470 1311 candens
519 1262 728 1326 quadam
772 1263 1113 1326 prosperitatis
1159 1261 1511 1326 tranquillitate
1558 1263 1677 1312 ruti-

65 1329 211 1379 labat.
287 1344 463 1380 uerum
508 1331 575 1380 ibi
621 1332 757 1382 sidus
800 1333 954 1388 louis,
1009 1347 1123 1381 nam
1167 1333 1273 1396 ipse
1316 1334 1464 1382 totius
1508 1333 1678 1382 mundi

65 1399 286 1450 membra
333 1400 642 1452 conlustrans
687 1402 747 1451 ad
784 1402 990 1452 deorum
1027 1402 1283 1452 dicebatur
1328 1404 1592 1466 imperium
1630 1409 1677 1453 et

65 1476 288 1520 senatum
324 1470 549 1521 caelitem
586 1487 903 1525 commeasse.
965 1473 1098 1522 hunc
1126 1474 1272 1522 etiam
1300 1479 1675 1538 praetergressa
1709 1482 1789 1521 197

24 1540 250 1601 ,circum
287 1557 343 1591 ac
379 1541 893 1606 parili‘interiectione
930 1543 1155 1593 sublimis
1192 1544 1398 1593 deorum
1434 1544 1672 1608 rigidissi-

0 1626 44 1662 :20
65 1624 199 1660 mum
227 1619 500 1661 creatorem
527 1613 577 1660 in
605 1612 766 1675 algido
793 1613 1080 1663 haerentem
1108 1615 1398 1680 pruinisque
1424 1613 1674 1664 niualibus

64 1682 367 1745 conspicata:
415 1697 591 1732 uerum
626 1684 756 1732 idem
783 1699 930 1749 quem
967 1685 1228 1734 circumire
1264 1683 1511 1734 nitebatur
1539 1684 1675 1734 orbis

63 1749 192 1801 melo
228 1751 375 1801 Dorio
421 1752 675 1803 tinniebat.
752 1754 839 1803 sed
875 1755 969 1818 ipsi
1016 1754 1231 1818 praesuli
1276 1769 1409 1803 nunc
1446 1755 1675 1805 draconis

63 1818 216 1872 facies
251 1837 381 1871 nunc
407 1824 558 1872 rictus
585 1822 740 1872 leonis
776 1839 906 1873 nunc
933 1825 1112 1874 cristae
1141 1839 1252 1873 cum
1290 1826 1526 1887 aprugnis
1554 1824 1673 1874 den-

65 1889 195 1941 tibus
230 1892 525 1941 uidebantur
562 1899 763 1958 totoque
800 1893 1002 1943 exitialis
1036 1893 1288 1944 Saeuiebat
1320 1895 1554 1951 horrore,
1595 1896 1674 1944 cui

0 1966 226 2011 25‘tamen
262 1968 480 2025 potestas
506 1977 597 2027 pro
625 1965 744 2012 circi
771 1964 1044 2028 granditate
1081 1966 1238 2014 maior
1265 1980 1321 2013 ac
1346 1964 1566 2030 praelata
1593 1980 1672 2014 ce-

64 2033 184 2081 teris
203 2031 493 2082 habebat‘ur.
540 2034 752 2099 denique
778 2034 945 2099 harpis
967 2034 1261 2100 boinbisque
1287 2036 1551 2099 perterrita
1574 2042 1672 2084 tam

65 2100 369 2151 intoleranda
418 2106 768 2167 congressione
815 2106 956 2168 uirgo
1001 2104 1205 2169 diffugit.
1293 2106 1407 2155 inde
1444 2107 1669 2156 maximis
1705 2112 1786 2152 193

65 2171 318 2221 conatibus
344 2173 570 2238 sescuplo
607 2174 784 2225 itinere
811 2176 1108 2226 euehuntur.
1162 2191 1273 2224 nam
1299 2183 1416 2224 tono
1445 2192 1501 2226 ac
1529 2177 1669 2226 dimi-

63 2240 143 2290 dio
163 2242 223 2291 ad
243 2243 394 2307 ipsius
415 2243 636 2295 caelestis
655 2245 894 2309 sphaerae
914 2245 1116 2308 globum
1139 2262 1196 2295 ac
1214 2245 1493 2311 laqueatum
1518 2246 1670 2297 stellis

0 2328 42 2363 »30
63 2311 297 2362 ambitum
325 2316 629 2377 peruenitur.
684 2317 852 2379 sicque
873 2331 958 2366 sex
978 2322 1209 2366 tonorum
1231 2316 1669 2367 conscensionibus
1703 2323 1783 2362 199

63 2382 333 2432 stadiorum
361 2383 549 2434 defecta
583 2384 870 2437 lassitudine
909 2386 1092 2452 fatigati
1127 2402 1240 2436 cum
1267 2387 1502 2453 diapason
1539 2403 1667 2453 sym-

175 2538 200 2577 2
232 2539 463 2578 sexcentis
484 2537 542 2578 Βι
581 2536 600 2593 ΙΙ
645 2541 872 2581 4mentem
892 2543 1049 2593 scripsi
1070 2545 1248 2582 mentes
1279 2541 1360 2583 BR
1396 2539 1417 2596 l]
1459 2543 1507 2581 11
1530 2541 1673 2593 Phry·

63 2592 140 2689 {353
170 2593 655 2703 ‘iitlssnffl‘ibss’sspiiiiz
684 2597 939 2694 ἶὲῗῖωὲἰῗὲ
971 2597 1250 2708 ᾗαῃ-’ῼΙῗὲὲῗ
1279 2597 1672 2708 ἷέρέωιῗέῗῧῗῖῗ

63 2703 198 2746 orbes
218 2707 256 2747 R
283 2703 302 2761 Η
343 2709 397 2748 23
428 2709 615 2760 api-unis
632 2708 713 2749 BR
733 2685 906 2762 aprinis
926 2683 978 2750 br
1016 2707 1034 2763 Η
1058 2686 1127 2750 '26
1159 2711 1284 2763 arpis
1307 2709 1386 2750 BR
1408 2666 1523 2751 {loru
1547 2710 1670 2763 Kop-

58 2761 157 2812 pt'us
213 2758 232 2816 ss
289 2763 555 2829 bombisque
590 2764 889 2831 Iup-nmisque
925 2771 970 2805 ut
1003 2768 1174 2807 uidetur
1193 2767 1254 2832 Β·
1279 2766 1519 2831 bomisque
1547 2766 1586 2807 R
1631 2762 1655 2877 ΙΙ

63 2816 457 2872 27001131853103
494 2817 501 2875 Ι
550 2822 603 2862 28
632 2825 814 2862 1t1neris
835 2819 953 2863 B¹R¹
993 2818 1014 2875 [l
1052 2825 1105 2865 29
1138 2822 1320 2864 caelitus
1341 2822 1423 2864 BR
1444 2835 1558 2863 corr.
1581 2822 1605 2864 b

62 2865 118 2913 30
145 2875 409 2925 peruehitur
428 2877 466 2917 R
515 2873 523 2931 1

150 2970 416 3001 ΜΔΒΤῙΔΝΠΒ
447 2974 656 3003 CAPELLA
1297 2949 1332 2999 4
