1982 3230
35 0 44 108 Ι
93 0 137 12 Ἡ

29 103 52 124 *5¹

0 122 42 214 {¹4
784 96 970 138 LIBER
999 97 1110 139 V111
1680 91 1783 145 317

0 240 2 281 ἓ
169 255 282 289 rum
309 248 575 289 eccentron
602 253 709 289 esse
735 237 986 296 tellurem,
1024 238 1118 287 hoc
1147 245 1220 287 est
1247 252 1345 286 non
1372 243 1542 287 tenere
1569 235 1785 286 medium

171 309 496 367 circulorum,
525 309 756 374 quoniam
786 309 955 358 mundi
982 316 1190 359 centron
1218 324 1325 358 esse
1351 323 1451 357 non
1479 306 1709 365 dubium,
1737 313 1786 356 et

171 380 292 430 illud
327 379 557 443 generale
584 387 771 443 septem
812 374 1041 428 omnibus
1077 379 1459 435 aduertendum,
1499 377 1629 443 quod
1671 393 1782 427 cum

174 450 387 500 mundus
434 450 652 500 eiusdem
689 448 864 498 ductus
910 451 1151 499 rotatione
1198 450 1430 499 unimoda
1476 454 1782 514 torqueatur,

125 533 148 564 5
175 522 399 586 planetae
425 521 602 569 cotidie
635 527 737 570 tam
766 518 872 569 loca
901 534 1046 584 quam
1075 519 1386 569 diuersitates
1424 520 1664 584 arripiant
1690 519 1784 568 cir-

171 591 414 640 culorum.
455 605 566 639 nam
596 606 651 640 ex
680 590 755 640 his
782 589 968 639 nullum
996 589 1131 639 sidus
1157 605 1215 639 ex
1245 605 1303 640 eo
1329 589 1439 639 loco
1466 590 1597 639 unde
1623 589 1783 654 pridie
1803 599 1947 645 2890*

170 668 334 710 ortum
364 668 438 709 est
464 660 699 711 eleuatur.
767 661 897 726 quod
925 662 965 709 si
993 667 1086 717 est,
1118 660 1320 710 dubium
1349 675 1448 709 non
1477 667 1551 709 est
1587 666 1785 709 centum
1816 674 1902 719 856

171 732 418 795 octogiuta
446 740 547 781 tres
574 730 786 780 circulos
814 731 997 780 habere
1015 730 1199 789 Solem,
1229 746 1317 794 per
1338 746 1463 795 quos
1491 737 1574 781 aut
1600 730 1660 780 ab
1689 730 1784 781 sol·
1962 728 1966 730 ’

169 802 300 851 stitio
327 802 375 851 in
398 801 624 852 brumam
653 802 794 858 redit,
824 809 908 851 aut
927 801 987 851 ab
1008 802 1178 852 eadem
1199 804 1250 852 in
1271 801 1577 852 solstitialem
1603 801 1785 851 lineam

104 886 147 916 10
170 872 471 922 subleuatur.
537 888 627 937 per
656 873 851 922 easdem
880 874 1061 936 quippe
1095 875 1390 923 mutationes
1419 878 1664 922 commeat
1689 873 1783 921 cir-

111 997 115 1001 ,
171 942 413 992 culorum.
456 943 540 993 sed
564 943 674 992 cum
698 943 780 993 Sol
802 943 1109 1008 praedictum
1140 959 1401 995 numerum
1429 943 1624 1001 habeat,
1653 943 1785 993 Mars

171 1013 348 1078 duplos
374 1013 585 1063 circulos
613 1015 743 1070 facit,
774 1014 903 1063 louis
929 1013 1068 1064 stella
1096 1014 1361 1064 duodecies
1389 1022 1602 1070 exercet,
1632 1015 1785 1063 octies

173 1085 329 1133 uicies
352 1084 628 1134 cumulatur
661 1085 903 1134 Saturnus
930 1100 1015 1134 eos
1042 1085 1255 1135 circulos
1277 1087 1361 1150 qui
1387 1084 1607 1150 paralleli
1637 1085 1784 1134 etiam

176 1154 293 1204 dicti
319 1161 432 1204 sunt
459 1156 882 1211 circumcurrens;
912 1157 995 1219 qui
1023 1165 1186 1205 molus
1213 1158 1431 1205 omnium
1460 1171 1572 1205 cum
1601 1156 1784 1205 mundo

106 1237 147 1269 15
171 1227 498 1290 proueniunt,
550 1234 597 1275 et
632 1233 790 1275 terras
827 1226 1017 1275 ortibus
1062 1226 1417 1290 occasibusque
1455 1228 1781 1276 circumeunt.

171 1310 283 1344 nam
312 1297 474 1345 Venus
509 1295 883 1361 Mercuriusque
920 1295 1035 1345 licet
1073 1305 1210 1347 ortus
1245 1312 1547 1366 occasu-sque
1582 1297 1782 1346 cotidia-
1814 1299 1899 1342 857

170 1380 264 1415 nos
298 1366 582 1423 ostendant,
629 1372 794 1415 tamen
833 1382 1006 1415 eorum
1044 1367 1216 1416 circuli
1250 1374 1409 1416 terras
1446 1368 1646 1416 omnino
1684 1382 1783 1416 non

170 1436 410 1493 ambiunt,
440 1436 524 1486 sed
554 1439 685 1486 circa
703 1436 869 1487 Solem
896 1437 1084 1487 laxiore
1112 1437 1300 1488 ambitu
1328 1437 1645 1487 circulantur.
1699 1438 1782 1487 de-

174 1508 324 1571 nique
356 1507 655 1557 circulorum
685 1523 889 1558 suorum
918 1516 1125 1558 centron
1155 1509 1202 1557 in
1227 1509 1340 1559 Sole
1371 1510 1690 1564 constituunt,
1717 1510 1781 1558 ita

104 1589 147 1621 20
173 1585 225 1626 ut
251 1592 398 1642 supra
429 1580 587 1641 ipsum
616 1577 893 1642 aliquando,
922 1580 1049 1629 infra
1077 1579 1371 1645 plerumque
1398 1581 1783 1646 propinquiores

168 1649 321 1698 terris
349 1648 595 1705 serantur,
625 1664 651 1697 a
678 1664 775 1714 quo
804 1650 999 1713 quidem
1028 1665 1126 1699 uno
1164 1652 1302 1713 signo
1331 1657 1379 1700 et
1414 1657 1552 1713 parte
1580 1650 1781 1699 dimidia

170 1719 335 1767 Venus
356 1718 650 1783 disparatur.
692 1719 777 1769 sed
806 1734 917 1769 cum
945 1735 1092 1784 supra
1115 1720 1280 1770 Solem
1307 1727 1436 1778 sunt,
1459 1722 1782 1786 propinquior

173 1795 248 1839 est
273 1790 418 1838 terris
437 1789 724 1846 Mercurius‘,
755 1805 865 1838 cum
892 1791 1019 1839 infra
1066 1790 1248 1846 Solem,
1272 1785 1437 1842 Venus
1464 1799 1636 1856 utpote
1658 1806 1782 1855 quae

172 1859 295 1908 orbe
330 1862 546 1909 uastiore
591 1859 942 1925 diffusioreque
981 1868 1234 1911 curuetur.
1311 1877 1426 1911 nam
1453 1862 1591 1912 Luna
1644 1877 1770 1927 quae
1811 1866 1898 1907 858

104 1931 149 1974 25
171 1931 500 1994 propinquior
528 1932 672 1981 terris
701 1938 796 1988 est,
841 1946 932 1995 per
957 1947 1083 1997 quos
1121 1932 1307 1981 feratur
1345 1933 1613 1983 amfractus
1657 1933 1779 1983 inle-

51 2002 54 2005 ’
169 2002 275 2049 rius
311 2001 615 2051 memorabo,
678 2008 790 2065 post
816 2003 956 2052 cuius
991 2002 1162 2052 orbem
1191 2003 1270 2052 alii
1296 2003 1595 2053 Mercurium
1624 2002 1779 2053 Vene-

168 2085 391 2135 remque,
422 2070 500 2119 alii
520 2073 671 2136 ipsius
693 2072 931 2121 circulum
954 2072 1080 2122 Solis
1101 2088 1209 2123 esse
1230 2080 1541 2131 concertant;
1565 2074 1779 2138 <deinde

284 2299 302 2335 1
344 2298 621 2338 eccetronR
668 2294 687 2351 Ι]
737 2299 762 2338 2
804 2301 887 2351 que.
916 2298 958 2338 B
997 2286 1092 2350 qus}
1123 2300 1147 2341 b
1188 2263 1278 2349 (11ῗὲ
1308 2302 1345 2341 R
1394 2298 1412 2354 Η
1470 2305 1627 2342 cetron
1658 2302 1696 2342 R
1742 2298 1763 2355 ΙΙ

165 2359 265 2405 post
295 2353 480 2393 dubium
520 2355 619 2395 add.
653 2360 724 2394 est
755 2354 778 2395 b
829 2352 848 2407 ΙΙ
893 2356 921 2394 4
959 2357 1137 2397 ratione
1171 2353 1223 2396 R¹
1275 2354 1294 2410 ΙΙ
1343 2359 1369 2398 5
1406 2363 1505 2409 post
1535 2357 1638 2398 loca
1676 2359 1778 2399 add.

168 2409 263 2450 alia
296 2409 319 2447 b
359 2406 378 2461 Η
418 2410 645 2461 arripiunt
675 2410 698 2449 b
737 2407 756 2462 Η
795 2411 821 2450 8
855 2415 900 2450 et
920 2414 1016 2452 tres
1047 2413 1085 2453 R
1123 2409 1142 2466 ΙΙ
1182 2414 1208 2452 9
1239 2411 1287 2452 in
1307 2412 1389 2453 BR
1422 2413 1477 2453 ad
1500 2414 1523 2453 b
1558 2410 1578 2467 Η
1618 2415 1673 2454 12
1703 2427 1779 2455 ex-

167 2464 831 2507 ercetEttenlzeimuensterense's
861 2479 1130 2509 exerescere
1152 2468 1234 2508 BR
1273 2465 1291 2522 Ι]
1333 2471 1385 2509 13
1415 2470 1544 2510 uices
1565 2470 1604 2510 R
1642 2466 1660 2523 ΙΙ
1702 2483 1780 2511 eu-

165 2521 366 2561 mulatus
388 2521 425 2561 R
459 2518 477 2574 ΙΙ
517 2523 576 2562 ad
595 2534 674 2563 eos
694 2523 796 2564 add.
820 2521 869 2563 a}
889 2523 971 2564 hos
993 2524 1017 2564 b
1058 2522 1076 2579 ΙΙ
1106 2526 1170 2565 15
1199 2525 1246 2564 in
1268 2532 1367 2566 ante
1388 2526 1563 2566 ortibus
1584 2527 1687 2567 add.
1711 2527 1735 2567 b
1765 2524 1782 2582 n

167 2579 221 2618 19
260 2579 312 2617 de
348 2578 582 2630 Copernieo
613 2579 670 2628 ef.
699 2578 925 2620 Delambre
953 2580 1050 2621 hist.
1081 2583 1134 2622 de
1171 2582 1472 2622 l’Astronomie
1502 2583 1529 2622 I
1556 2596 1600 2634 p.
1624 2585 1709 2623 512
1737 2591 1780 2624 et

168 2633 369 2686 Koppz'us
419 2630 437 2687 Η
486 2635 539 2674 20
571 2635 693 2674 intra
724 2633 765 2673 B
803 2631 823 2688 Η
861 2636 914 2675 22
946 2648 1094 2677 uenus
1123 2637 1187 2677 bR
1218 2637 1469 2678 mercurius
1490 2638 1532 2678 B
1569 2637 1589 2691 ΙΙ
1629 2638 1778 2693 dispe-

170 2696 297 2730 ratur
318 2690 355 2730 R
394 2688 412 2744 Η
453 2692 749 2743 propinquior
773 2696 844 2731 est
865 2693 1000 2732 terris
1023 2692 1065 2732 B
1105 2694 1404 2746 propinquior
1436 2696 1479 2734 ei
1513 2699 1583 2734 est
1613 2695 1637 2736 b
1673 2709 1775 2749 pro-

165 2747 432 2798 pinquiores
465 2749 599 2787 terris
639 2747 675 2787 R
724 2744 742 2801 Ι]
798 2749 852 2788 23
896 2749 1020 2788 intra
1052 2749 1133 2789 BR
1188 2746 1207 2803 ss
1262 2755 1424 2803 utpute
1467 2751 1501 2791 R
1553 2747 1572 2805 Η
1621 2764 1709 2804 que
1740 2754 1778 2794 R

166 2802 278 2853 quia
299 2817 322 2842 r
353 2799 372 2856 ΙΙ
403 2805 458 2844 24
488 2805 692 2843 uastiore
717 2803 914 2857 Koppz’us
946 2807 1143 2846 castiore
1167 2805 1250 2847 BR
1276 2802 1295 2861 [Ι
1324 2808 1379 2847 25
1408 2807 1602 2849 inferius
1622 2812 1780 2862 scripsi

163 2857 362 2900 interius
394 2859 475 2900 BR
513 2858 532 2915 l]
