1982 3230
1801 0 1982 131 ..Ἢ

276 278 420 327 tionis
447 278 603 339 gratia
628 282 712 325 aut
750 275 962 340 exempli
995 282 1080 326 aut
1103 277 1314 341 augendi
1339 283 1424 327 aut
1448 277 1662 328 inuidiae
1679 284 1770 329 aut
1793 294 1881 330 uo-

276 347 475 412 luptatis
502 347 807 395 extrinsecus
832 346 1123 396 afferuntur.
1173 361 1274 397 non
1299 346 1422 397 nulli
1446 349 1667 413 quinque
1693 351 1882 414 species

159 434 245 474 552
275 417 571 466 narrationis
605 430 714 466 esse
749 416 979 466 dixerunt
1013 422 1069 466 ut
1093 415 1384 467 Theodorus
1410 418 1669 482 Byzantius
1695 419 1882 470 Graece

277 487 516 535 discernit
551 485 897 549 προδιήγηειν
933 484 1280 549 ὑποδιήγηειν
1327 487 1706 551 παραδιήγηειν
1741 487 1881 541 ἀντι-

275 555 509 619 διήγηειν
547 555 931 619 καταδιήγηειν.
1006 558 1305 606 narrationis
1332 559 1475 607 etiam
1502 557 1742 608 elementa
1769 565 1881 608 sunt
1925 570 1946 603 5

275 642 387 676 sex:
427 642 639 690 persona
667 641 812 676 causa
838 626 977 676 locus
1004 633 1198 690 tempus
1223 629 1427 677 materia
1452 643 1548 678 res.
1623 630 1741 678 item
1768 643 1881 679 nar-

274 697 525 746 rationum
552 696 674 746 aliae
702 699 980 755 continuae,
1020 696 1141 746 aliae
1167 697 1367 760 partiles
1393 706 1651 748 uocantur.
1727 699 1882 748 conti-

273 782 418 823 nuae,
449 781 574 830 quae
596 772 837 831 perpetuo
875 773 1106 817 contextu
1142 769 1246 816 sine
1287 767 1383 816 ulla
1417 769 1776 832 interruptione
1812 768 1882 817 di-

277 843 471 886 cuntur.
545 836 763 901 partileS,
802 836 978 902 quibus
1018 836 1099 887 uel
1135 845 1480 901 argumentum
1528 838 1608 887 uel
1644 838 1882 902 digressio

275 905 436 971 aliqua
462 907 809 971 interponitur.
884 922 1142 957 narramus
1180 913 1342 957 autem
1367 909 1526 957 modis
1552 923 1661 957 sex:
1701 922 1880 972 augen-
1906 920 1947 953 ιο

274 983 364 1033 teS‚
398 975 580 1040 aliquid
605 982 912 1026 attenuantes
943 984 1316 1041 praetereuntes
1353 978 1674 1028 admonentes
1701 978 1882 1028 docen-

275 1052 352 1095 tes
378 1047 586 1110 gratiam
612 1046 694 1096 uel
719 1047 956 1096 inuidiam
984 1054 1344 1111 comparantes,
1871 1103 1881 1107 ‚

280 1164 283 1170 Ι
401 1117 518 1165 Post
537 1118 870 1166 narrationem
891 1117 1089 1181 quidem
1109 1127 1560 1175 DIGRESSIONEM,
1585 1131 1730 1181 quam
1749 1131 1883 1179 παρ·

277 1186 485 1251 έκβααν
511 1194 715 1243 uocant,
746 1193 941 1251 oportet
967 1188 1248 1251 adiungere,
1277 1203 1374 1252 quo
1400 1187 1481 1237 uel
1515 1188 1774 1236 incitamus
1809 1187 1882 1236 iu·

278 1257 411 1307 dices
438 1256 519 1306 uel
547 1257 838 1307 delenimuS.
903 1257 989 1307 sed
1016 1258 1245 1321 quoniam
1271 1272 1390 1321 pars
1417 1258 1655 1306 orationis
1680 1271 1781 1306 non
1809 1263 1883 1306 est
1906 1268 1947 1301 1⁵

278 1333 327 1376 et
351 1342 450 1376 non
477 1342 673 1391 semper
700 1327 977 1391 arripienda
1007 1334 1094 1383 est,
1125 1343 1233 1377 eam
1259 1326 1444 1391 placuit
1469 1328 1757 1391 praeterire.

163 1408 245 1450 553
416 1408 767 1448 PROPOSITIO
805 1403 889 1446 aut
923 1403 1090 1446 nostra
1128 1403 1201 1446 est
1236 1402 1318 1446 aut
1364 1397 1763 1446 aduersariorum
1803 1402 1885 1446 aut

121 1477 259 1519 ‚1826
281 1467 570 1516 communis,
643 1472 812 1516 nostra
856 1473 911 1515 ut
945 1467 1167 1516 ecaedem
1214 1466 1410 1516 obicio'.
1486 1467 1881 1516 aduersariorum

277 1537 499 1586 ‘caedem
532 1552 611 1586 me
637 1537 812 1586 fecisse
832 1537 985 1586 dicit'.
1033 1537 1306 1586 communis
1332 1538 1465 1586 ‘uter
1485 1538 1632 1599 igitur
1658 1542 1882 1584 nostrum
1910 1550 1921 1559 ·

165 1618 249 1659 554
280 1607 480 1656 caedem
538 1607 792 1656 admiserit
825 1608 1114 1671 quaeritur³,
1191 1607 1552 1670 propositiones
1587 1611 1669 1655 aut
1703 1607 1883 1669 princi·
1905 1618 1947 1650 20

277 1675 462 1740 palium
502 1677 849 1740 quaestionum
889 1684 1002 1725 sunt
1038 1683 1119 1725 aut
1153 1675 1471 1724 incidentium
1518 1682 1601 1724 aut
1635 1674 1882 1740 simplices

278 1741 362 1796 aut
397 1748 704 1796 coniunctae.
780 1745 987 1809 simplex
1024 1751 1097 1795 est
1134 1744 1433 1812 [luxurialis]
1472 1751 1526 1794 ut
1551 1746 1883 1795 ‘meretricem
1958 1778 1964 1780 -

278 1818 449 1865 amas'.
526 1817 815 1866 coniunctae
851 1822 1013 1865 autem
1048 1831 1137 1879 per
1174 1817 1486 1879 partitionem
1523 1816 1731 1865 maxime
1765 1829 1882 1878 pro-

278 1891 545 1950 ponuntur,
574 1902 698 1950 quae
725 1886 983 1950 dupliciter
1009 1887 1146 1935 fiunt.
1193 1892 1275 1934 aut
1303 1888 1431 1935 enim
1458 1884 1746 1949 simpliciter
1766 1880 1881 1948 quid

279 1957 456 2006 dicturi
482 1957 633 2005 simus
659 1956 977 2012 ostendimuS,
1007 1962 1089 2006 aut
1111 1962 1238 2012 ante,
1262 1956 1377 2019 quid
1404 1954 1546 2004 'nobis
1574 1970 1686 2004 cum
1706 1955 1880 2004 aduer·
1905 1968 1945 2001 25

279 2028 408 2074 sario
437 2027 722 2082 conueniat,
751 2026 866 2089 quid
893 2027 942 2074 in
970 2026 1173 2075 dubium
1202 2031 1405 2074 uocetur
1433 2025 1684 2077 edicimus,

279 137 379 189 186
751 135 1051 179 MARTIANI
1082 134 1402 179 CAPELLAE

393 2166 415 2203 1
457 2167 538 2203 aut
578 2164 778 2216 augendi
817 2166 958 2204 codem
990 2164 1129 2205 Groliz'
1170 2168 1250 2204 aut
1281 2163 1450 2215 agendi
1471 2164 1553 2204 BR
1583 2162 1752 2216 agendi
1782 2162 1805 2203 b
1845 2158 1864 2215 ΙΙ

278 2221 306 2259 4
321 2217 717 2262 ΠΡωΔΕΓΗΟΙΝ
736 2218 1159 2260 ΥΠΟΔΙΝΓΗΟΙΝ
1181 2218 1502 2271 (INYHOAIN
1507 2218 1534 2259 Γ
1535 2219 1686 2259 ΗΟΙΝ
1700 2218 1757 2269 R)
1774 2215 1882 2258 ΠΑ-

277 2272 674 2316 ΡΑΔΕΙΝΓΥΟΙΝ
700 2273 1207 2326 (ΠΑΡΑΔΕΙΗΓῨΟΙΝ
1225 2273 1280 2326 R)
1312 2271 1884 2315 ΙΝΓΙΑΝΑΔΕῙΗΓΗΟΙΝ

280 2329 898 2382 (ΙΝΠΑΝΑΔΕΙΝΓΟΗΟΙΝ
926 2331 982 2382 R)
1020 2328 1512 2372 KaTaAGINi'HCIN
1548 2330 1629 2370 BR
1661 2326 1884 2380 (ἀντιδιή-

279 2398 410 2439 γηειν
432 2388 627 2428 Halmius
654 2384 673 2441 ΙΙ
712 2389 737 2428 5
769 2391 874 2427 sunt
895 2387 983 2427 VII
1004 2387 1027 2427 b
1062 2384 1085 2440 ΙΙ
1115 2388 1141 2427 6
1171 2386 1328 2426 modus
1349 2387 1479 2427 locus
1502 2386 1525 2426 b
1557 2382 1579 2438 ΙΙ
1613 2388 1638 2426 9
1672 2385 1835 2438 quibus
1857 2384 1880 2424 b

282 2444 360 2495 qui
376 2443 459 2484 BR
498 2440 505 2497 Ι
536 2445 586 2483 11
611 2445 910 2483 attenuantes
923 2443 1118 2483 Halmius
1140 2446 1220 2482 aut
1241 2445 1485 2483 tenuantes
1496 2441 1578 2481 BR
1601 2445 1680 2481 aut
1702 2443 1880 2480 attenu-

279 2503 411 2540 antes
428 2499 452 2539 b
472 2496 479 2553 Ι
513 2498 811 2540 admonentes
820 2499 1014 2539 Halmius
1031 2502 1110 2538 aut
1125 2498 1454 2538 monentesBR
1468 2499 1547 2537 sed
1561 2497 1662 2537 utB
1678 2499 1720 2536 z'n
1735 2509 1822 2536 ras.
1843 2492 1865 2548 ΙΙ

284 2557 335 2595 13
357 2556 636 2607 parecbasin
653 2555 695 2595 B
716 2555 964 2608 parebasin
980 2555 1018 2595 R
1045 2551 1063 2608 ΙΙ
1095 2556 1146 2595 15
1169 2554 1411 2594 delinimus
1422 2553 1487 2593 Db
1515 2549 1534 2606 ΙΙ
1565 2554 1616 2593 17
1636 2551 1719 2592 DE
1739 2550 1881 2591 PRO-

279 2610 624 2652 POSITIONE.
646 2612 897 2664 propositio
908 2610 989 2651 BR
1015 2607 1035 2664 ΙΙ
1062 2610 1430 2650 aduersariorum
1444 2612 1495 2648 ut
1509 2608 1577 2648 Db
1616 2604 1623 2661 Ι
1650 2609 1703 2647 20
1725 2607 1881 2646 ammi--

282 2668 395 2708 serit
416 2666 475 2706 B¹
515 2664 534 2721 ΙΙ
581 2667 906 2720 propositionis
937 2664 1055 2706 B¹R¹
1096 2663 1126 2719 ΙΙ
1156 2669 1234 2706 aut
1261 2666 1303 2705 B
1336 2668 1488 2705 autem
1509 2665 1547 2704 R
1594 2660 1601 2716 Ι
1663 2664 1716 2702 22
1747 2662 1878 2702 luxu-

281 2723 414 2763 rialis
434 2723 477 2762 B
492 2723 733 2764 luxorialis
756 2723 794 2763 R
817 2724 929 2775 quod
948 2723 1107 2763 deleui:
1129 2721 1366 2761 luxurialis
1389 2733 1437 2762 es
1455 2734 1486 2773 p
1507 2718 1753 2760 luxuriaris
1772 2717 1878 2758 Gro-

281 2779 377 2818 tius.
404 2784 507 2831 post
525 2778 670 2819 luxur.
693 2781 737 2818 in
756 2778 798 2817 B
820 2780 960 2820 dimid.
985 2791 1097 2820 uers.
1117 2779 1267 2831 uiginti
1283 2778 1379 2828 fere
1401 2778 1478 2817 litt.
1502 2787 1650 2815 erasus
1669 2779 1733 2813 est
1756 2771 1879 2824 (sim-

282 2833 408 2885 -plex
429 2838 499 2874 est
534 2834 792 2875 luxurialis.
818 2834 1069 2885 composita
1091 2837 1161 2874 est
1185 2835 1473 2873 meretricem
1492 2842 1619 2870 amas
1636 2830 1728 2871 cod.
1746 2829 1884 2869 Grotii

280 2889 552 2942 interpolate)
595 2888 613 2943 ΙΙ
652 2892 706 2931 25
737 2891 877 2930 simus
898 2890 1091 2930 Halmius
1123 2901 1273 2929 sumus
1294 2888 1374 2928 BR
1403 2883 1421 2940 ΙΙ
1449 2888 1501 2926 26
1534 2889 1581 2926 et
1603 2885 1709 2937 quid
1730 2885 1753 2925 b
1788 2881 1807 2938 ΙΙ
