1982 3230
328 153 433 207 228
797 155 1101 196 MARTIANI
1131 154 1451 197 CAPELLAE

219 310 304 351 664
330 296 550 348 tenebris
583 294 880 345 inumbrata.
955 303 1067 359 post
1101 297 1299 346 eosdem
1337 303 1528 347 montes
1564 304 1699 348 trans
1733 299 1932 365 Aquilo-

330 382 443 417 nem
469 365 796 429 Hyperborei,
824 365 954 431 apud
982 381 1106 430 quos
1133 367 1304 416 mundi
1329 369 1432 417 axis
1458 370 1691 418 continua
1717 371 1931 422 motione

328 441 616 502 torquetur,
653 450 774 499 gens
807 436 1031 487 moribus
1064 436 1340 501 prolixitate
1365 440 1511 496 uitae,
1549 439 1755 489 deorum
1781 439 1929 499 cultu,

330 508 459 556 aeris
486 506 762 563 clementia,
799 508 1059 556 semenstri
1087 507 1179 564 die,
1207 509 1303 557 fine
1330 510 1475 558 etiam
1500 509 1816 560 habitationis
1839 511 1932 562 hu-

329 576 541 643 manae>
577 577 924 640 praedicanda.
1001 592 1176 626 uerum
1205 577 1476 628 Sarmatiae
1503 579 1729 644 Scythiae
1754 580 1928 631 Tauri·
1973 594 1982 626 ε

329 662 416 697 cae
443 652 627 697 tractus
654 648 704 696 in
730 646 1036 710 longitudine
1061 647 1211 697 habet
1234 648 1367 697 milia
1396 656 1641 713 nongenta
1668 652 1928 715 octoginta,

325 716 583 767 latitudine
607 718 913 782 septingenta
941 718 1128 767 decem.
1167 719 1263 767 iam
1289 719 1410 768 nihil
1434 720 1485 768 in
1504 719 1702 784 Europa
1727 723 1931 771 aestimo

326 788 719 925 memora]ndum.
797 785 1047 856 [quoniam
1085 795 1134 838 et
1169 788 1518 854 Hyperboreos
1555 789 1648 840 sibi
1673 790 1784 841 Asia
1821 792 1929 840 uin-

329 857 525 906 dicauit.

212 939 297 979 665
471 927 523 976 Si
549 933 717 978 autem
736 926 1017 978 laeuorsum
1037 933 1151 992 post
1164 927 1408 992 Riphaeos
1428 936 1622 979 montes
1647 931 1821 980 redeas
1839 945 1930 996 per
1953 943 1982 976 κ

328 998 512 1048 Oceani
549 997 943 1062 septentrionalis
977 1004 1188 1054 tractus,
1225 1005 1273 1047 te
1311 999 1473 1048 denuo
1512 1015 1603 1063 per
1638 1000 1930 1051 Germaniae

327 1066 693 1133 Galliarumque
742 1075 790 1117 et
823 1067 1033 1117 Hiberos
1076 1067 1288 1132 populos
1330 1070 1382 1116 in
1416 1069 1709 1118 Gaditanum
1752 1071 1931 1120 ostium

324 1138 601 1187 reuocabis.
661 1138 945 1202 Arimphaei
971 1139 1153 1203 quippe
1178 1140 1276 1187 iam
1312 1139 1363 1186 in
1389 1140 1501 1188 Asia
1527 1141 1776 1189 constituti
1798 1142 1931 1205 pari-

325 1208 421 1257 lem
442 1207 777 1273 Hyperboreis
804 1209 954 1257 uitam
976 1208 1159 1272 degunt
1179 1210 1371 1259 cunctis
1392 1208 1618 1271 gentibus
1643 1210 1928 1267 uenerandi,

325 1283 380 1327 ut
406 1278 467 1326 ad
494 1293 578 1327 eos
603 1278 742 1327 uelut
766 1278 827 1326 ad
849 1278 1094 1342 quoddam
1121 1277 1308 1342 asylum
1335 1280 1616 1343 confugiant
1640 1285 1928 1348 metuentes.
1954 1293 1982 1325 ιε

174 1358 309 1401 2156
328 1347 458 1397 ultra
483 1348 573 1396 hos
600 1347 847 1396 Cimmerii
874 1354 921 1396 et
946 1350 1216 1397 Amazones
1252 1349 1312 1397 ad
1339 1348 1565 1412 Caspium
1601 1365 1760 1406 mare,
1801 1349 1932 1414 quod

329 1419 379 1466 in
416 1418 627 1467 confinio
669 1425 807 1467 ortus
842 1419 1016 1467 aestiui
1043 1417 1323 1482 Scythicum
1360 1420 1634 1483 perrumpit
1661 1419 1927 1469 Oceanum.

217 1499 299 1540 666
329 1494 442 1553 post
478 1487 669 1551 prolixa
702 1494 948 1537 terrarum
987 1494 1034 1537 et
1058 1487 1302 1552 Hyrcania
1338 1490 1633 1552 repperitur.
1709 1495 1931 1539 ceterum

330 1560 379 1607 in
405 1556 699 1607 Atlanticum
737 1557 850 1607 litus
878 1558 1060 1607 Oceani
1095 1564 1372 1607 remeantes
1399 1573 1488 1621 per
1513 1559 1820 1622 Aquitaniam
1847 1575 1930 1609 ex-

327 1635 537 1677 tremam
564 1633 881 1692 extremaque
906 1627 1134 1691 Europae
1168 1628 1220 1675 in
1245 1628 1566 1676 Brittanniam
1592 1634 1927 1679 reuertuntur.
1951 1643 1982 1675 2(

328 1713 453 1762 quae
487 1696 646 1746 insula
690 1699 819 1747 iacet
853 1699 980 1746 inter
1014 1698 1399 1761 septentrionem
1437 1704 1484 1747 et
1527 1712 1750 1749 occasum
1785 1698 1931 1763 longa

326 1766 524 1817 milibus
551 1768 857 1832 octingentis,
886 1767 982 1817 lata
1008 1769 1259 1817 trecentis,
1321 1769 1554 1817 circuitus
1582 1770 1748 1818 tricies
1774 1770 1928 1819 octies

442 1910 466 1958 ἓ
496 1910 579 1949 664
611 1921 666 1948 ex
687 1908 840 1948 Plinio
869 1908 965 1948 IIII
993 1909 1047 1948 89
1079 1911 1124 1948 et
1153 1909 1205 1948 91
1262 1905 1281 1961 Η
1330 1908 1354 1957 ξ
1384 1908 1466 1948 665
1498 1921 1552 1948 ex
1572 1907 1723 1948 Plinio
1752 1908 1846 1948 1111
1874 1910 1930 1949 94

330 1968 377 2004 et
407 1964 565 2005 Solino
594 1977 639 2016 p.
663 1966 757 2014 101,
781 1966 921 2004 4-15
982 1961 1005 2017 Η
1065 1964 1089 2013 ξ
1118 1964 1200 2004 666
1233 1976 1288 2003 ex
1318 1963 1468 2004 Plinio
1499 1964 1594 2004 IIII
1627 1965 1850 2005 102-104
1883 1967 1930 2004 et

328 2019 492 2060 Solino
514 2033 557 2072 p.
592 2022 690 2068 121,
714 2021 852 2060 8-11

1950 2081 1964 2105 Ι

439 2147 465 2185 2
503 2145 749 2197 yperborei
775 2144 818 2184 B
847 2144 1079 2196 iperborei
1108 2146 1149 2184 D
1195 2141 1216 2198 Η
1263 2147 1464 2198 motione
1495 2145 1562 2185 bl)
1592 2145 1773 2186 ratione
1802 2145 1845 2185 B
1891 2142 1911 2199 Η

324 2202 355 2240 4
385 2201 595 2241 semestri
621 2200 723 2240 B¹D
772 2198 792 2253 Η
840 2199 914 2240 die
946 2200 968 2240 b
1000 2200 1055 2240 de
1077 2200 1120 2239 B
1148 2200 1224 2240 dei
1245 2201 1285 2240 D
1333 2198 1351 2253 Η
1400 2200 1535 2240 finem
1554 2202 1595 2240 J)
1632 2199 1653 2255 Η
1701 2204 1727 2242 5
1757 2213 1928 2242 sarma-

327 2257 490 2297 ciaeR
527 2253 546 2310 Η
586 2257 765 2308 scytiae
785 2254 846 2295 B¹
885 2253 905 2310 Η
943 2256 1122 2296 taurice
1144 2257 1182 2296 R
1220 2252 1238 2309 Η
1278 2257 1303 2295 6
1332 2255 1666 2308 longitudinem
1686 2255 1745 2295 B¹
1773 2253 1795 2310 Η
1831 2264 1931 2308 post

327 2313 566 2364 octoginta
605 2314 705 2352 add.
736 2312 847 2352 VIII
877 2312 901 2352 b
957 2309 977 2365 Η
1033 2314 1057 2353 7
1096 2312 1291 2352 latitudo
1328 2311 1582 2352 DCCXVII
1619 2312 1784 2352 Plinius
1812 2312 1932 2352 IIII

327 2371 382 2409 91
429 2365 449 2422 Η
498 2370 524 2409 8
561 2368 843 2421 yperboreus
874 2368 897 2408 b
934 2368 1211 2420 yperboreos
1242 2367 1324 2408 BR
1360 2364 1379 2421 Η
1430 2368 1576 2408 asiam
1606 2368 1630 2408 b
1669 2365 1689 2422 Η
1746 2370 1929 2421 glossam

326 2427 467 2466 deleuz’
485 2425 537 2465 ab
563 2427 871 2476 interpolatore
891 2427 996 2464 male
1018 2426 1142 2465 docto
1163 2425 1352 2464 additam
1389 2420 1407 2477 Η
1458 2425 1510 2464 10
1540 2423 1724 2475 ripheos
1754 2424 1818 2465 bR
1847 2425 1927 2464 tri-

327 2481 471 2533 pheos
491 2481 535 2520 B
564 2481 715 2521 fontes
736 2478 794 2519 B¹
840 2475 863 2534 Η
909 2482 960 2520 12
991 2481 1189 2520 hostium
1214 2480 1292 2519 BR
1338 2476 1357 2533 Η
1406 2482 1456 2520 13
1489 2480 1659 2519 arinfei
1678 2479 1760 2520 BR
1791 2481 1927 2520 arim-

326 2538 395 2577 fei
423 2537 447 2576 b
480 2537 649 2577 arnifei
678 2551 703 2576 r
739 2533 760 2590 Η
803 2537 856 2576 14
884 2537 1151 2589 yperboreis
1172 2536 1254 2576 BR
1292 2532 1299 2588 Ι
1353 2537 1404 2576 15
1437 2535 1663 2586 quondam
1683 2535 1766 2576 BR
1786 2535 1926 2588 quod-

327 2593 434 2633 dam
464 2593 487 2633 b
528 2593 723 2644 quodam
746 2606 776 2631 >r
822 2588 845 2645 Η
891 2593 1166 2645 confugiunt
1193 2589 1252 2630 B1
1313 2588 1319 2644 Ι
1370 2593 1420 2631 16
1453 2593 1655 2632 cimmeri
1673 2590 1756 2631 RB
1788 2592 1927 2631 cime-

327 2649 386 2688 rii
417 2663 441 2689 r
488 2645 509 2702 Η
557 2649 663 2700 quia
683 2648 765 2688 BR
796 2647 915 2699 quod.
935 2648 985 2688 br
1021 2645 1041 2702 Η
1083 2650 1133 2689 17
1165 2647 1333 2688 aestiui
1354 2647 1583 2687 Salmasius
1614 2651 1683 2687 est
1702 2647 1768 2686 ibi
1786 2647 1870 2688 BR
1887 2644 1907 2701 Η

327 2705 554 2755 scyticum
575 2703 656 2744 BR
703 2701 723 2758 Η
773 2705 825 2745 18
855 2705 1048 2755 yrcania
1067 2704 1151 2744 BR
1198 2700 1217 2756 Η
1267 2705 1318 2744 19
1350 2703 1655 2743 athlanticum
1674 2702 1755 2743 BR
1793 2699 1812 2756 Η
1849 2703 1924 2744 sub

329 2763 579 2803 extremam
610 2762 721 2800 linea
753 2762 879 2800 ducta
908 2761 951 2799 in
980 2759 1022 2799 B
1069 2757 1088 2813 Η
1145 2761 1199 2800 20
1235 2759 1488 2799 britaniam
1516 2757 1559 2797 B
1597 2758 1870 2799 brittaniam
1899 2759 1923 2800 b

327 2830 610 2881 bryttaniam
629 2831 667 2870 R
705 2827 727 2884 Η
770 2832 824 2870 22
857 2830 1050 2879 circuitu
1070 2832 1230 2882 patere
1251 2828 1535 2870 XXXXVIII
1553 2860 1563 2871 .
1580 2827 1749 2871 LXXV
1768 2829 1815 2870 M
1833 2829 1926 2881 Py-

328 2886 463 2926 theas
497 2890 541 2925 et
570 2886 772 2927 Isidorus
806 2886 990 2926 tradunt
1009 2887 1172 2926 Plinius
1220 2883 1238 2939 Η
1286 2887 1454 2926 trecies
1475 2884 1513 2925 R
1551 2882 1569 2935 Η
