1982 3230
58 1273 99 1304 15

55 1627 98 1659 20

54 1989 98 2022 25

1702 91 1726 105 ὤ

807 101 992 144 Lmen
1021 101 1111 143 vn
1624 93 1739 149 250

265 261 359 296 nec
385 261 521 295 mora
549 244 838 308 digreditur.
894 249 1010 293 tunc
1036 255 1209 291 rursus
1235 240 1312 291 dia
1339 238 1574 303 Voluptas

265 318 418 380 ipsius
444 315 660 365 aetheria
690 313 874 379 Cylleni
902 314 1247 363 immurmurat
1272 325 1392 360 aure

263 387 397 436 ‘cum
424 386 593 436 doctas
619 384 848 450 superis>
874 383 1286 446 admirandasque
1312 379 1501 444 puellas

265 456 504 522 adprobat
530 457 860 519 ArmipotenS,
889 459 942 502 tu
969 454 1120 517 optati
1146 452 1308 501 lentus
1335 451 1518 499 amoris

262 527 435 592 gaudia
463 526 606 590 longa
634 525 788 575 trabis
814 530 1110 588 captumque
1136 522 1292 572 eludis
1317 519 1588 570 honorem?

263 598 389 647 seria
417 601 718 646 marcentem
746 594 995 658 stupidant
1020 598 1296 642 commenta
1326 591 1571 640 maritum.

262 666 374 716 talia
401 665 670 731 conplacita
700 671 887 729 spectat
915 664 1102 713 fastidia
1130 663 1299 726 uirgo:

262 752 354 787 nec
381 743 426 787 te
453 752 570 786 eura
599 737 694 785 tori
720 750 812 785 nec
840 741 886 784 te
911 749 1035 799 puer
1063 732 1217 782 ambit
1243 731 1413 782 herilis

262 823 355 858 nec
374 823 479 858 mea
500 807 641 857 mella
664 806 828 870 rapis?
850 819 1090 870 quaenam
1112 803 1506 868 baechymeneia
1527 801 1604 851 lex
1627 800 1734 851 est?

261 879 312 928 in
343 879 548 928 Veneris
574 893 692 942 agro
719 875 879 926 Pallas
907 875 999 924 sibi
1027 875 1242 924 uindicat
1270 888 1439 923 usum:

262 964 410 1015 quam
437 948 609 998 melius
635 947 848 1002 thalamo
876 945 1032 996 duleis
1057 945 1323 1009 petulantia
1350 944 1526 993 feruet.

263 1025 393 1069 casta
422 1018 694 1068 maritalem
721 1018 947 1081 reprimit
972 1016 1191 1066 Tritonia
1220 1021 1450 1071 mentem,

264 1096 311 1139 et
338 1096 517 1153 nuptae
546 1104 643 1138 non
671 1103 828 1152 aequa
855 1088 1014 1137 uenit:
1044 1084 1292 1151 poscenda
1319 1085 1474 1134 Dione
1501 1090 1574 1133 est

265 1162 664 1223 conueniensque
692 1158 779 1208 tibi
804 1159 972 1223 potius
999 1156 1253 1206 celebrare
1281 1156 1553 1218 Priapum.'

124 1258 197 1307 his
224 1258 522 1307 Atlantiades
549 1258 725 1307 auditis
760 1256 872 1306 licet
897 1257 1049 1305 risum
1087 1253 1312 1303 inhibere
1340 1254 1423 1302 uix
1449 1258 1640 1317 posset,
1669 1267 1730 1301 ne
1764 1266 1850 1309 726

122 1328 364 1377 infacetus
400 1337 564 1378 tamen
593 1335 640 1378 et
676 1328 834 1392 impar
868 1324 1095 1390 lepidulis
1134 1323 1415 1380 haberetur,
1455 1322 1612 1371 hilaro
1650 1338 1730 1372 su-

124 1401 399 1448 surramine
427 1400 497 1447 sic
525 1398 785 1463 respondit
1521 1404 1523 1407 ’

532 1468 664 1518 ‘licet
689 1483 865 1532 urgeas
891 1465 1125 1531 Voluptas

530 1538 769 1589 thalamos
796 1539 921 1587 inire
947 1537 1175 1591 suadens,

529 1617 693 1660 tamen
722 1614 891 1659 exeret
916 1610 1101 1673 peritas

533 1681 702 1731 breuis
729 1679 943 1729 ambitus
969 1677 1180 1742 puellas:

533 1753 830 1815 demumque
858 1765 948 1799 nec
973 1747 1149 1811 iugalis
1886 1795 1888 1797 ,

531 1828 748 1872 cessator
774 1822 1030 1869 intricatus
1747 1836 1773 1874 2
1779 1830 1887 1874 360

532 1891 737 1941 tardabo
768 1891 922 1940 fulcra
952 1889 1063 1938 lecti

533 1969 579 2011 et
604 1961 762 2025 siquid
790 1960 867 2010 illa
896 1967 1093 2009 nostrae

536 2032 737 2082 Veneris
766 2033 891 2082 feret
919 2029 1149 2094 Voluptas

532 2119 623 2153 nec
651 2102 791 2152 uobis
819 2099 1106 2166 abnegabo:

532 2174 672 2223 furtis
698 2173 844 2223 modo
871 2172 1168 2227 adlubescat,

533 2251 579 2294 et
606 2243 730 2293 olam
758 2250 919 2294 roseta
948 2257 1131 2308 paruae

235 2398 261 2437 5
292 2397 438 2437 eludis
469 2399 492 2438 b
522 2398 670 2440 laudis
693 2399 773 2439 BR
821 2395 841 2452 Η
890 2399 914 2439 ’7
947 2396 1142 2439 fastidia
1172 2396 1314 2436 nescio
1337 2396 1429 2448 quis
1443 2400 1547 2448 post
1574 2397 1731 2436 Vulcw

122 2453 232 2493 m'um
251 2454 332 2493 secl
352 2459 449 2494 ante
474 2454 662 2495 Grotium
694 2455 888 2508 fastigia.
909 2454 989 2494 BR
1028 2451 1046 2508 Η
1086 2455 1112 2494 8
1143 2451 1302 2493 herilis
1333 2452 1356 2491 b
1397 2447 1416 2505 Η
1455 2453 1481 2492 9
1513 2451 1629 2492 haee
1649 2465 1728 2494 om.

120 2508 179 2548 B¹
211 2508 330 2550 NEC
354 2509 391 2549 R
439 2507 456 2563 Η
506 2510 748 2562 hymeneia
770 2510 906 2551 lexin
927 2524 1083 2552 rasura
1104 2509 1146 2549 B
1176 2507 1470 2563 HYMELEA
1503 2508 1538 2548 R
1568 2507 1594 2548 ii
1617 2509 1728 2549 ime-

120 2565 229 2606 nela
258 2565 328 2605 Rm
383 2564 401 2620 Η
461 2569 511 2607 10
557 2567 776 2607 uendicat
814 2567 837 2607 b
895 2564 912 2622 Η
971 2570 1021 2608 11
1063 2567 1206 2607 feruit
1244 2567 1331 2607 Bu·
1386 2564 1405 2622 Η
1463 2568 1515 2606 13
1562 2565 1727 2606 dionae

120 2619 238 2662 B¹R¹
288 2619 306 2678 Η
365 2624 418 2663 14
462 2624 648 2676 piapum
680 2621 737 2661 B¹
788 2620 806 2676 Η
863 2626 915 2665 15
962 2623 1242 2664 atlantiades
1271 2623 1314 2663 B
1359 2622 1674 2664 athlantiades
1704 2622 1730 2662 b

123 2678 382 2719 alantiades
420 2679 459 2719 R
499 2679 792 2720 adlantiades
822 2694 846 2719 r
894 2677 913 2734 Η
980 2681 1029 2720 16
1069 2679 1323 2720 infracetus
1353 2694 1378 2720 r
1427 2677 1445 2734 Η
1500 2677 1729 2731 lepedulis

123 2732 183 2772 B¹
238 2731 257 2788 Η
306 2735 503 2776 habetur
531 2737 568 2776 R
618 2733 635 2789 Η
695 2737 746 2776 18
785 2749 922 2789 urges
951 2735 1034 2775 BR
1070 2748 1268 2788 urgueas
1299 2737 1322 2777 b
1372 2733 1391 2790 Η
1442 2737 1493 2777 19
1533 2734 1731 2775 talamos

122 2788 224 2829 R¹B
261 2787 280 2844 Η
318 2794 374 2832 22
397 2792 574 2833 demum
598 2793 621 2832 b
661 2790 681 2847 Η
719 2795 773 2833 24
804 2792 986 2833 fulchra
1016 2792 1038 2832 h
1079 2789 1097 2846 Η
1144 2794 1198 2834 25
1229 2792 1268 2833 si
1295 2806 1372 2834 om.
1395 2791 1454 2832 B¹
1494 2789 1512 2846 Η
1551 2792 1607 2831 26
1639 2791 1728 2831 fer-

121 2851 202 2889 uet
230 2848 282 2890 R¹
326 2848 346 2906 Η
382 2852 436 2893 28
467 2851 602 2891 furiis
633 2852 655 2891 b
696 2849 716 2905 Η
