1982 3230
87 819 130 851 ·’
207 848 289 888 273

148 980 263 1020 636?

197 1401 290 1461 ⁷274

205 1754 287 1795 275

199 2383 282 2423 276

319 130 389 182 68
499 182 502 184 ,
799 116 1098 170 M'ARTIANI
1129 128 1447 172 eAPELLAn

322 277 488 337 partes
515 276 763 319 extremas
788 284 970 319 uocum
997 269 1178 334 quibus
1214 270 1562 334 adiunguntur.
1626 274 1814 324 Graeca
1841 289 1930 324 no·

322 343 454 391 mina
491 355 602 391 cum
637 341 688 388 in
724 340 950 389 Latinum
987 346 1274 398 uertuntur,
1310 348 1477 391 nostra
1511 342 1930 408 regulapronun-
1976 344 1982 391 ἶ.

321 413 508 461 tiantur
545 411 638 460 nisi
674 416 903 460 maneant
938 411 1140 460 Graeca.
1194 410 1485 476 Olympus
1511 413 1658 477 igitur
1695 420 1743 464 et
1778 414 1930 466 Cau·
1967 419 1982 466 ‘.

323 497 505 532 casus
531 481 600 530 sic
618 486 673 530 ut
698 480 867 530 Latina
894 481 1233 545 proferuntur,
1261 496 1408 546 quam
1430 497 1609 533 acuere
1628 483 1708 534 uel
1729 484 1930 545 flectere
1978 487 1982 550 ξ

322 553 533 602 debeant
557 551 827 601 secundum
855 552 1095 601 rationem
1122 566 1270 615 supra
1297 554 1528 617 scriptam
1552 562 1773 636 apparet.
1840 555 1929 605 sed
1964 568 1982 611 ε

321 624 360 672 si
395 628 599 672 manent
635 621 822 671 Graeca
859 627 906 670 et
940 621 1054 671 huic
1089 622 1290 684 regulae
1326 623 1375 671 in
1412 625 1688 688 peregrinis
1721 625 1982 676 uocibus

322 692 630 749 accedimuS,
666 707 869 742 necesse
897 697 970 742 est
1002 699 1167 741 tamen
1193 694 1244 740 in
1285 692 1494 757 obliquis
1529 694 1721 745 casibus
1758 701 1928 746 acutos
1978 709 1982 725 ²

320 778 481 814 sonos
495 764 543 811 in
582 762 755 811 mediis
789 761 986 828 syllabis
1021 769 1247 819 seruent,
1278 765 1507 828 quoniam
1543 766 1674 829 apud
1712 766 1928 816 Graecos
1967 770 1982 831 ,j

322 848 517 898 quoque
544 847 644 881 non
683 832 777 881 alio
805 838 1010 882 accentu
1036 833 1158 882 haec
1185 835 1431 882 enuntiari
1457 835 1697 885 audimus.
1756 842 1969 890 acutus

321 909 553 953 accentus
602 908 800 960 notatur
851 902 1046 966 uirgula
1091 919 1115 952 a
1168 903 1362 953 sinistra
1403 910 1542 968 parte
1588 907 1640 954 in
1675 897 1982 965 dexteramnssl

322 973 634 1029 ascendente,
673 974 837 1036 grauis
864 980 1026 1022 autem
1054 989 1078 1022 a
1106 974 1302 1022 sinistra
1341 974 1398 1022 ad
1436 975 1688 1025 dexteram
1724 976 1928 1026 descen·

321 1045 457 1093 dens.
496 1043 677 1092 inflexi
701 1045 896 1107 signum
926 1048 1000 1091 est
1033 1045 1186 1106 sigma
1223 1058 1374 1106 super
1408 1045 1536 1108 ipsas
1571 1045 1740 1095 literas
1777 1047 1926 1096 deue-

321 1129 452 1163 xum
514 1119 746 1162 accentus
780 1114 961 1177 paitim
998 1112 1185 1177 fastigia
1223 1116 1459 1163 uocamus
1495 1115 1625 1177 quod
1651 1113 1982 1168 litterarum
1952 1153 1982 1178 4

321 1183 559 1248 capitibus
595 1190 920 1247 apponantur,
958 1185 1136 1247 partim
1175 1185 1429 1233 cacumina
1465 1190 1609 1234 tonos
1646 1185 1727 1235 uel
1762 1194 1982 1263 301103,Ῐὲ

320 1255 495 1305 Graeci
521 1253 841 1321 προεῳδίαε.
879 1254 1130 1303 sciendum
1150 1255 1294 1304 etiani
1315 1255 1401 1302 uni
1427 1255 1668 1305 uocabulo
1689 1257 1925 1307 accedere
1947 1254 1982 1339 i}

320 1339 491 1374 omnes
522 1331 622 1375 tres
649 1330 880 1375 accentus
905 1338 1050 1387 posse
1088 1330 1142 1373 ut
1169 1332 1243 1373 est
1280 1325 1644 1388 Argiletum.
1924 1324 1982 1398 5

461 1394 785 1444 Memoratum
814 1394 1028 1444 arbitror
1055 1400 1394 1458 competenter
1422 1410 1547 1459 quae
1573 1397 1670 1444 sint
1696 1402 1743 1445 et
1777 1411 1924 1461 quem

318 1464 379 1514 ad
417 1465 620 1514 modum
664 1470 924 1514 uertantur
959 1465 1147 1527 fastigia
1194 1463 1507 1528 syllabarum.
1574 1480 1707 1514 nunc
1755 1481 1926 1516 earum
1961 1463 1978 1525 g}

319 1534 649 1598 longitudines
675 1534 926 1584 intimabo.
978 1549 1074 1584 una
1102 1550 1324 1600 quaeque
1340 1536 1468 1584 enim
1494 1534 1676 1599 syllaba
1703 1542 1786 1585 aut
1809 1535 1923 1586 bre·
1960 1528 1982 1587 ἒ

318 1606 392 1654 uis
420 1610 492 1654 est
517 1611 600 1655 aut
623 1604 770 1670 longa
794 1611 877 1655 aut
913 1606 1203 1654 communis.
1275 1604 1445 1655 breuis
1482 1613 1556 1654 est
1590 1621 1701 1655 cum
1738 1605 1982 1674 uocalisa‘}

317 1676 584 1738 corripitur
612 1690 668 1724 ac
686 1675 835 1725 nullis
857 1674 1272 1740 consequentibus
1297 1674 1570 1732 adiuuatur,
1596 1681 1679 1726 aut
1690 1691 1799 1726 cum
1813 1691 1923 1726 cor·
1961 1694 1979 1742 L-

318 1750 458 1809 repta
493 1746 651 1795 forma
689 1745 769 1795 uel
794 1745 956 1795 littera
981 1746 1288 1795 terminatur.
1337 1744 1483 1808 longa
1508 1744 1708 1812 <autem
1734 1746 1977 1796 duobus&-

318 1816 478 1876 modis
514 1815 723 1866 efficitur
759 1822 930 1866 natura
976 1824 1024 1865 et
1061 1816 1302 1880 positione
1335 1823 1534 1865 natura:
1582 1831 1693 1866 cum
1738 1803 1975 1874 uocalis?

317 1886 608 1950 producitur
635 1893 719 1935 aut
745 1902 867 1937 cum
883 1885 1064 1950 syllaba
1093 1885 1463 1937 circumflexum
1498 1893 1754 1936 accentum
1788 1892 1923 1937 tenet
1972 1916 1975 1918 -

323 1955 428 2021 [uel
455 1963 653 2006 acutum
680 1958 729 2005 in
755 1971 912 2021 paene
938 1954 1150 2020 ultima]‚
1189 1962 1271 2005 aut
1297 1971 1411 2005 cum
1437 1956 1768 2022 monosyllaba
1799 1956 1920 2023 [una
1942 1969 1982 2014 35

319 2041 543 2089 quaeque
557 2025 742 2075 uocalis
756 2025 850 2091 est]
868 2031 951 2076 aut
972 2041 1082 2075 cum
1100 2026 1402 2090 diphtlionga
1420 2027 1703 2091 repperitur
1714 2026 1796 2077 uel
1808 2042 1950 2082 cum

313 2096 474 2158 prima
509 2095 718 2161 syllaba
730 2096 821 2146 sub
858 2094 950 2144 alia
985 2096 1144 2144 forma
1172 2098 1522 2161 cuiuscumque
1547 2096 1692 2146 uerbi
1718 2112 1920 2162 compo·
1947 2104 1971 2149 ,ζ

313 2166 402 2214 sita
439 2179 533 2215 nec
558 2166 781 2215 uocalem
809 2181 902 2215 nec
927 2180 1132 2215 acumen
1161 2171 1332 2214 mutat.
1376 2168 1638 2229 positione,
1667 2182 1780 2217 cum
1805 2167 1922 2218 bre·
1956 2166 1970 2210 ’“Ῑ

312 2250 426 2284 uem
479 2235 704 2285 uocalem
758 2241 840 2285 aut
889 2235 1018 2286 (luae
1075 2242 1418 2285 consonantes.
1437 2242 1673 2286 secuntur
1707 2238 1813 2288 siue
1866 2238 1962 2286 in

314 2305 485 2355 eadem
511 2305 693 2370 syllaba
721 2307 825 2357 siue
851 2306 901 2355 in
927 2307 1152 2370 sequenti
1178 2306 1284 2355 siue
1310 2321 1402 2370 per
1428 2306 1596 2356 ambas
1622 2306 1809 2357 diuisae
1834 2314 1919 2358 aut
1938 2314 1982 2375 {9

312 2376 362 2423 in
398 2375 550 2425 altera
585 2378 676 2425 tria
714 2383 802 2427 aut
836 2375 1014 2440 duplex
1049 2390 1162 2425 una.
1221 2375 1443 2439 duplices
1478 2383 1639 2426 autem
1665 2383 1779 2426 sunt
1804 2377 1846 2426 X
1871 2384 1919 2427 et

311 2445 370 2494 Z:
399 2446 661 2509 aliquando
688 2446 708 2495 Ι
735 2453 783 2496 et
808 2447 843 2497 C
867 2447 978 2496 fieri
1002 2452 1222 2510 possunt,
1250 2451 1304 2495 ut
1329 2447 1370 2494 si
1404 2446 1426 2494 I
1459 2447 1586 2497 inter
1624 2446 1822 2498 uocales
1855 2448 1918 2498 sit
1940 2484 1957 2506 Δ.

425 2617 451 2655 3
482 2617 670 2656 manent
688 2612 790 2655 B¹R
824 2611 843 2668 Η
881 2615 909 2654 4
938 2615 1029 2654 siut
1050 2613 1092 2653 B
1126 2610 1147 2667 Π
1185 2614 1210 2655 6
1241 2614 1282 2654 si
1313 2618 1526 2656 manente
1548 2616 1587 2655 R
1616 2616 1657 2655 si
1686 2619 1916 2657 manentr
1950 2662 1953 2667 ,

311 2682 356 2706 ιιι*
366 2668 465 2722 (fuit
487 2670 544 2723 si)
578 2673 793 2711 manente
815 2670 857 2710 B
889 2669 938 2711 a}
958 2671 998 2711 si
1018 2672 1208 2710 manent
1224 2671 1338 2720 add.
1361 2671 1385 2711 b
1423 2667 1443 2724 Η
1481 2672 1507 2710 9
1539 2670 1792 2717 audiuimus
1814 2670 1839 2711 b

313 2727 363 2765 11
406 2726 732 2767 ascendentem
762 2727 800 2768 R
866 2723 885 2781 Η
942 2728 992 2766 12
1044 2726 1180 2778 signa.
1211 2726 1250 2766 R
1306 2723 1324 2779 Η
1382 2727 1434 2766 16
1485 2726 1758 2779 argiloetum
1787 2726 1831 2766 B

310 2783 365 2821 24
395 2781 566 2823 sillaba
588 2783 666 2822 Β
675 2779 695 2835 Η
744 2784 799 2823 25
828 2782 976 2823 uel—
994 2781 1158 2823 ultima
1180 2784 1322 2823 deleui
1354 2779 1375 2836 [Ι
1413 2794 1506 2822 una
1526 2802 1585 2812 -
1604 2786 1675 2823 est
1702 2783 1846 2824 deceni
1903 2811 1906 2818 -
1948 2800 1957 2834 ,ς

306 2837 362 2876 26
392 2837 419 2876 d
422 2838 659 2891 ypthonga
688 2838 731 2878 B
761 2835 994 2892 dyptonga
1024 2839 1064 2878 D
1115 2836 1136 2894 Η
1182 2839 1237 2880 27
1268 2837 1562 2892 compositam
1592 2839 1635 2880 B
1680 2835 1701 2894 ss
1749 2840 1800 2882 31
1792 2840 1975 2990 aut}

1938 2991 1960 3028 3

310 2893 462 2933 addidi
496 2891 515 2946 Η

1900 3031 1970 3230 Ξ
