1982 3230
267 166 271 169 ,
320 172 325 174 ,
351 127 417 179 16
824 128 1126 170 MARTIANI
1155 128 1472 170 CAPELLAE

260 1197 319 1236 40

207 1549 321 1590 156?

260 2460 319 2499 41

333 271 413 319 ‘ita
438 276 492 319 ut
517 268 777 319 uidebatur
796 270 972 318 uertici
996 268 1167 319 Iouiali
1192 270 1454 322 inhaerere
1478 271 1804 337 superuolans
1840 279 1948 323 tan-

348 340 462 389 dem
489 340 705 388 constitit
729 338 1251 406 sublimiore-quodam
1279 343 1455 392 annixa
1495 349 1746 408 suggestu.
1799 358 1947 409 quam

348 426 460 460 cum
498 410 740 473 Iuppiter,
777 416 831 458 ut
866 410 1015 474 iugali
1051 410 1223 460 elatior
1260 412 1585 470 adhaerebat,
1625 414 1687 464 de
1721 416 1948 479 proximo

348 480 678 544 contiguoque
722 482 964 545 suspexit,
1001 482 1070 531 sic
1108 498 1312 532 exorsus
1349 488 1405 532 o
1450 485 1591 547 uirgo
1637 485 1791 534 nostri
1835 499 1949 549 pars

347 549 523 599 melior
550 556 827 615 opportune
864 553 992 600 uotis
1026 553 1304 602 intermixta
1339 554 1644 618 Maiugenae,
1682 570 1807 620 quae
1841 556 1982 606 siue5

348 619 560 670 Deliacis
586 621 792 670 uocibus
819 621 1065 686 permulsa
1094 623 1349 673 descendis
1378 626 1483 675 siue
1519 625 1702 691 absque
1735 631 1784 674 te
1819 625 1950 676 Iouis

347 707 451 740 non
478 700 583 741 erat
611 692 824 742 formare
852 692 1108 742 consilium
1127 708 1223 744 seu
1254 710 1523 745 consensus
1559 701 1727 745 noster
1752 710 1815 746 ne
1841 711 1952 746 rnu-

347 761 464 811 tilus
513 762 766 812 uideretur
818 778 1140 828 approperas:
1203 767 1403 814 noueris
1447 772 1609 815 tamen
1652 765 1952 830 Philologiae

347 832 617 897 Cyllenium
645 834 842 898 nuptias
868 834 1132 897 postulare.
1192 836 1411 886 nondum
1438 852 1547 886 mea
1572 842 1799 901 prompta
1835 851 1948 886 sen·

345 904 496 952 tentia
525 909 611 952 est.
661 911 865 967 expecto
895 903 1010 967 quid
1037 905 1257 954 suadeas,
1295 908 1414 956 noui
1436 908 1616 971 quippe
1641 921 1787 972 quam
1814 908 1941 957 eius·
1969 921 1982 951 1

348 973 461 1023 dem
490 974 694 1038 uirginis
720 974 1022 1024 incessabilis
1047 975 1186 1024 labor
1212 977 1300 1025 tibi
1326 992 1520 1042 semper
1547 982 1778 1042 acceptus
1813 983 1862 1026 et
1897 983 1952 1027 ut

348 1061 375 1094 e
402 1045 497 1093 tuis
523 1051 812 1094 numeretur
837 1044 918 1094 illa
945 1046 1239 1110 pedisequis.
1292 1062 1381 1111 par
1409 1053 1481 1097 est
1505 1049 1653 1111 igitur
1676 1048 1781 1111 ipsa
1806 1062 1950 1112 prae-

349 1116 519 1164 sertim
548 1115 786 1165 decernas
813 1116 1041 1181 quicquid
1070 1116 1130 1166 de
1167 1118 1271 1166 eius
1308 1117 1517 1166 conubio
1555 1118 1813 1182 prouisura
1854 1117 1951 1168 dis-

349 1188 566 1250 pensas?
618 1192 734 1235 tunc
780 1186 938 1236 Pallas
983 1186 1229 1251 aliquanto
1267 1189 1573 1238 summissior
1608 1204 1664 1238 ac
1699 1187 1952 1252 uirginalis

347 1255 553 1320 pudoris
579 1256 763 1306 rubore
790 1257 991 1307 subfusa
1018 1256 1283 1322 oculosque
1297 1258 1443 1323 peplo
1470 1259 1598 1323 quod
1626 1257 1828 1307 rutilum
1854 1259 1949 1307 cir·
1972 1273 1982 1303 1

351 1341 462 1375 cum
507 1333 654 1390 caput
700 1326 922 1391 gestabat
972 1327 1229 1378 obnubens
1281 1328 1593 1392 improbabat
1646 1328 1947 1392 aliquantum

350 1396 483 1461 quod
517 1411 668 1462 super
703 1398 886 1462 nuptiis
912 1398 1053 1461 uirgo
1090 1397 1361 1448 consulitur
1404 1399 1794 1464 praesertimque
1829 1399 1950 1458 eiuS,

350 1482 495 1531 quam
523 1473 728 1532 propter
753 1469 1126 1517 consociationis
1153 1469 1312 1517 officia
1346 1485 1549 1519 manere
1586 1474 1789 1532 cuperet
1824 1483 1950 1518 sem-

350 1553 438 1601 per
474 1539 718 1587 intactam.
772 1538 1063 1600 dedignatur
1088 1545 1343 1603 praeterea
1370 1540 1513 1589 huius
1548 1540 1682 1589 modi
1716 1539 1951 1590 adhibere

352 1623 672 1664 consensum,
710 1625 822 1658 cum
857 1610 920 1657 ita
949 1624 1126 1673 expers
1152 1611 1300 1658 totius
1338 1610 1543 1673 copulae
1569 1614 1853 1667 censeatur,
1891 1615 1982 1659 uti

351 1693 511 1742 neque
566 1680 626 1727 de
663 1679 759 1728 ulla
805 1681 1152 1729 commixtione
1203 1682 1458 1744 progenita
1500 1695 1663 1745 neque
1695 1681 1798 1745 ipsa
1833 1694 1951 1745 pro·

352 1764 523 1798 creare
560 1750 820 1814 quicquam
856 1750 1172 1800 Arithmetica
1206 1757 1331 1800 teste
1367 1754 1682 1800 monstretur.
1741 1765 1799 1799 ac
1831 1758 1951 1800 tunc

351 1826 539 1884 septem
567 1819 820 1869 radiorum
857 1835 1091 1870 coronam
1125 1820 1343 1886 soliuaga
1378 1822 1632 1885 uirginitas
1669 1820 1980 1877 renudauit,·

335 1906 415 1939 -ne
450 1890 726 1940 futurorum
777 1891 934 1940 causis
973 1897 1021 1940 et
1067 1890 1256 1955 copulis
1293 1894 1567 1942 interesset.
1638 1892 1749 1955 quia
1784 1896 1949 1941 tamen

351 1962 455 2010 eius
509 1966 767 2025 optauerat
808 1961 1028 2025 Iuppiter
1076 1968 1402 2027 exegeratque
1450 1961 1731 2019 consilium,
1768 1961 1982 2026 ‚suadets

351 2030 468 2080 deos
494 2033 694 2080 maritos
721 2031 1026 2096 dearumque
1052 2032 1360 2095 grandaeuas
1396 2034 1447 2081 in
1484 2033 1606 2081 haec
1643 2031 1952 2082 decernenda

352 2100 575 2150 conduci.
626 2102 806 2165 quippe
840 2099 1145 2166 <conuenire
1189 2101 1403 2166 Cyllenio
1448 2110 1502 2151 ut
1545 2117 1635 2166 pro
1675 2102 1951 2152 officiorum

351 2172 579 2234 praemiis
605 2173 972 2236 potissimorum
997 2171 1138 2221 fauor
1165 2171 1391 2221 caelitum
1416 2173 1519 2222 eius
1538 2171 1699 2221 uincla
1722 2172 1952 2222 sanciret.

350 2243 605 2305 augustius
658 2257 852 2306 quoque
898 2242 1006 2290 fieri
1073 2241 1256 2291 Iouiale
1311 2242 1591 2300 decretum,
1647 2257 1758 2291 cum
1807 2247 1974 2303 coetu*

352 2312 557 2361 deorum
594 2312 863 2361 adtestante
900 2312 1226 2375 depromitur,
1271 2314 1522 2376 ipsamque
1560 2319 1821 2377 nupturam
1857 2312 1982 2362 deo}

352 2383 621 2432 conuenire
634 2397 733 2431 non
756 2397 904 2446 posse
930 2383 1024 2431 nisi
1047 2383 1085 2430 si
1105 2397 1194 2446 per
1215 2390 1411 2432 senatus
1432 2383 1710 2432 consultum
1733 2381 1950 2432 mortalis

353 2467 458 2502 esse
485 2453 743 2502 desineret.
794 2452 841 2502 id
869 2467 1023 2516 genus
1047 2452 1257 2516 plurima
1277 2453 1511 2502 suadente
1527 2454 1748 2502 Tritonia
1775 2467 1950 2516 regum
1979 2464 1982 2466 ·

353 2524 615 2586 coniugum
650 2530 860 2587 uterque
897 2525 1150 2572 consentit.
1212 2540 1268 2573 ac
1302 2540 1413 2572 mox
1450 2524 1578 2573 louis
1613 2523 1773 2574 scriba
1800 2538 1978 2588 praes

1954 2654 1982 2667 2⁸.

468 2694 490 2732 1
522 2693 686 2733 uertici
717 2692 740 2732 b
770 2692 947 2732 uertice
976 2690 1057 2731 BR
1095 2688 1115 2745 Η
1153 2694 1178 2732 5
1211 2695 1430 2745 oportune
1460 2692 1503 2732 B
1540 2688 1559 2745 Η
1597 2695 1623 2734 8
1653 2691 1948 2745 phylologiae

351 2748 631 2800 ehyllenium
661 2750 699 2789 R
737 2745 757 2802 ss
796 2749 847 2787 16
879 2748 1213 2799 aliquantulum
1241 2763 1266 2787 r
1369 2749 1423 2789 18
1451 2748 1804 2789 consotiationis
1833 2748 1877 2788 B
1913 2743 1932 2802 ΙΙ
1977 2747 1982 2787 j

356 2807 406 2844 19
437 2805 615 2845 intacta
636 2806 674 2845 R
711 2801 730 2858 Η
779 2807 831 2844 22
871 2804 1193 2844 arithmethica
1214 2804 1255 2843 B
1369 2806 1424 2845 24
1453 2804 1704 2844 futurarum
1724 2804 1805 2844 BR
1834 2816 1949 2845 corr.
1968 2815 1982 2874 ἐ

354 2860 526 2900 Grotius
560 2858 579 2914 Η
622 2864 675 2902 30
708 2864 958 2901 attestante
980 2860 1022 2900 B
1049 2857 1068 2914 Η
1097 2863 1147 2901 31
1181 2861 1219 2900 si
1242 2874 1322 2912 per
1344 2860 1387 2901 S.
1413 2860 1460 2901 C.
1483 2861 1639 2935 scripsi
1658 2871 1795 2913 super
1815 2872 1951 2901 sena·-

353 2918 426 2957 tus
448 2916 652 2957 consulto
674 2917 758 2957 BD
790 2917 984 2969 superi
973 2916 1018 2957 S.
1041 2917 1090 2957 C.
1125 2917 1294 2958 Grotius
1324 2913 1373 2970 Η
