1982 3230
295 139 362 192 27
368 139 399 191 8
770 138 1072 182 MARTIANI
1101 139 1422 183 cAPELLAE
1467 135 1472 139 ’

298 281 422 330 duos
466 280 720 330 adiciendo
763 279 879 329 fecit
923 281 1356 344 superdimidium‚
1410 289 1562 347 utque
1606 299 1665 334 ex
1710 284 1903 336 duobus

298 350 445 415 triplo
474 365 560 399 sex
595 349 844 415 impleuit,
887 351 959 399 sic
995 353 1188 401 senario
1230 368 1437 402 numero
1481 355 1604 404 duos
1647 355 1903 406 adiciendo

298 422 649 484 supertertium
675 421 879 475 inuenit,
907 421 1138 486 idemque
1162 423 1211 471 in
1238 422 1555 474 ulterioribus
1580 425 1763 475 incidit.
1816 425 1904 476 de-

295 491 415 540 inde
445 506 558 540 cum
582 492 898 541 incurrerent
923 495 1115 542 numeri
1156 494 1259 543 sine
1286 495 1449 543 iudicii
1475 495 1673 559 quidem
1699 497 1902 545 rationi-

231 586 233 589 ·
297 561 388 610 bus
423 563 592 624 positi,
641 563 915 626 quaesitum
953 569 1026 611 est
1061 570 1181 629 quot
1218 570 1460 626 quotaeue
1495 571 1661 629 partes
1698 565 1897 616 alterius
1919 579 1944 613 5

296 633 491 681 numeri
540 633 591 681 in
627 631 781 681 altero
818 639 1001 688 essent,
1042 641 1089 682 et
1114 634 1191 684 his
1228 651 1285 683 eo
1322 643 1525 684 uentum
1562 642 1659 692 est,
1699 637 1904 686 necuius

299 703 493 752 numeri
519 718 617 751 non
639 702 797 766 aliqua
825 705 948 751 ratio
971 704 1029 753 ad
1051 703 1197 753 alium
1227 719 1490 754 numerum
1518 705 1904 770 exploratissima

296 774 371 821 sit.
411 774 665 837 posthaec
685 788 785 822 non
805 773 1087 823 difficillima
1115 776 1478 826 animaduersio
1501 778 1693 840 gemina
1712 778 1904 826 ratione

296 845 347 891 in
375 845 594 892 numeris
620 843 773 893 fluxit.

95 914 98 917 ’
185 928 266 970 768
441 912 680 970 Quoniam
708 929 889 977 genera
925 929 1245 964 numerorum
1284 918 1626 981 rationumque
1662 918 1791 967 inter
1817 932 1901 967 eos
1925 931 1971 963 ιο

296 986 559 1033 orientium
587 986 816 1048 exposui,
855 999 1030 1034 rursus
1057 986 1117 1034 ad
1145 1001 1200 1034 ea
1227 986 1415 1049 singula
1456 994 1680 1036 reuertar
1706 994 1754 1037 et
1779 1003 1903 1052 quae

294 1056 344 1102 in
381 1070 578 1119 quoque
628 1055 1081 1104 animaduersiones
1128 1057 1224 1104 sint
1258 1056 1499 1105 indicabo.
1574 1058 1806 1121 incipiam
1841 1058 1904 1108 de

203 1142 214 1148 ’
295 1125 497 1189 paribus
541 1131 688 1188 atque
736 1125 1004 1188 inparibus.
1081 1141 1171 1189 par
1219 1127 1351 1175 omni
1396 1126 1800 1191 multiplicatione
1833 1129 1905 1177 SIc

294 1197 519 1260 procedit
555 1202 607 1244 ut
633 1210 722 1260 par
748 1201 963 1245 maneat:
1004 1195 1151 1260 duplo
1180 1203 1421 1259 augentur
1448 1198 1544 1246 duo
1572 1203 1619 1247 et
1655 1203 1901 1262 quattuor,

296 1273 407 1315 octo
436 1273 483 1315 et
518 1266 638 1322 XVI,
676 1265 823 1330 triplo
852 1267 893 1314 11
919 1282 1003 1315 sex
1032 1266 1201 1321 XVIII,
1233 1267 1508 1332 quadruplo
1543 1267 1564 1316 I
1599 1274 1647 1316 et
1672 1273 1902 1332 quattuor
1924 1278 1968 1312 15

297 1337 525 1394 sedecim,
554 1338 804 1399 sexaginta
831 1343 1082 1400 quattuor,
1112 1336 1289 1386 CCLVI
1325 1338 1556 1401 idemque
1582 1338 1630 1386 in
1657 1337 1903 1387 ulteriori-

294 1406 388 1456 bus
414 1407 510 1455 fiat.
585 1407 727 1470 inpar
752 1408 861 1471 pari
895 1406 1297 1470 multiplicatione
1324 1409 1547 1470 protinus
1581 1409 1746 1457 interit
1771 1414 1820 1457 et
1851 1409 1905 1456 in

295 1492 555 1526 numerum
584 1492 754 1540 parem
780 1477 969 1525 recidit.
1036 1479 1178 1542 inpar
1203 1478 1365 1541 inpari
1393 1477 1792 1541 multiplicatione
1827 1479 1903 1526 in-

296 1562 523 1597 crescere
550 1554 709 1611 potest
735 1553 787 1596 ut
815 1549 956 1610 inpar
983 1554 1194 1596 maneat.
1243 1563 1356 1596 nam
1385 1547 1457 1596 bis
1485 1554 1623 1597 terna
1653 1564 1754 1603 sex,
1784 1548 1900 1597 item

295 1617 370 1666 bis
391 1623 628 1680 quaterna
649 1624 758 1666 octo
780 1618 917 1673 fiunt,
947 1617 1217 1681 eodemque
1246 1617 1390 1665 modo
1418 1624 1590 1680 quater
1616 1625 1757 1669 terna
1778 1618 1897 1680 duo-
1922 1629 1966 1662 20

296 1687 479 1745 decim,
510 1693 683 1752 quater
709 1690 852 1752 quina
890 1688 1081 1751 uiginti.
1158 1694 1206 1736 at
1235 1695 1310 1736 ter
1347 1693 1487 1736 terna
1515 1703 1723 1744 nouem,
1753 1694 1803 1737 et
1827 1695 1901 1738 ter

295 1773 474 1808 nouem
503 1760 678 1823 uiginti
717 1764 920 1822 septem.
996 1758 1111 1807 item
1142 1759 1400 1823 quinquies
1437 1765 1574 1807 terna
1605 1758 1899 1823 quindecim,

296 1830 555 1894 quinquies
594 1830 742 1894 quina
787 1829 959 1892 uiginti
997 1830 1227 1892 quinque.
1303 1828 1532 1893 idemque
1578 1830 1628 1876 in
1675 1827 1902 1878 omnibus

296 1899 786 1963 multiplicationibus
825 1899 1013 1954 euenit,
1052 1914 1147 1963 quo
1176 1899 1228 1947 fit
1262 1907 1317 1948 ut
1352 1900 1456 1948 siue
1494 1913 1584 1963 par
1621 1900 1725 1948 siue
1760 1900 1902 1962 inpar
1946 1939 1953 1945 .

295 1971 491 2033 parium
518 1984 840 2019 numerorum
870 1968 1127 2018 multitudo
1156 1976 1244 2025 est,
1272 1969 1324 2017 id
1350 1969 1482 2034 quod
1510 1977 1899 2018 consummatum
1922 1978 1967 2012 25

298 2045 372 2089 est
398 2055 488 2104 par
514 2041 590 2089 sit.
665 2047 719 2089 ut
747 2039 844 2088 duo
871 2045 1102 2102 quattuor
1130 2055 1215 2088 sex
1243 2045 1369 2097 octe,
1398 2053 1524 2102 quae
1551 2054 1641 2102 par
1667 2053 1899 2088 numero-

295 2124 408 2158 rum
434 2109 696 2159 multitudo
725 2115 815 2166 est,
842 2110 964 2157 fiunt
991 2110 1178 2171 uiginti.
1254 2109 1350 2158 duo
1379 2115 1610 2173 quattuor
1637 2125 1748 2166 sex,
1777 2123 1903 2173 quae

295 2181 440 2244 inpar
479 2194 798 2229 numerorum
836 2177 1095 2228 multitudo
1133 2185 1233 2233 est,
1280 2179 1404 2227 fiunt
1438 2179 1721 2229 duodecim:
1756 2178 1901 2228 ambo

185 2252 267 2293 769
298 2252 492 2300 numeri
518 2265 679 2315 pareS.
755 2250 869 2298 item
896 2264 985 2312 par
1011 2249 1257 2313 inparium
1285 2263 1606 2297 numerorum
1643 2248 1900 2298 multitudo

295 2329 442 2385 pares
477 2320 605 2370 facit.
682 2335 799 2384 ergo
827 2325 925 2368 tres
964 2324 1011 2368 et
1046 2320 1262 2384 quinque
1296 2319 1418 2367 fiunt
1457 2325 1592 2375 octe,
1635 2320 1718 2383 qui
1755 2333 1900 2382 pares
1922 2332 1967 2364 30

410 2492 435 2530 2
467 2502 548 2530 sex
567 2491 725 2542 scripsi
754 2489 877 2528 sexis
897 2488 939 2527 B
970 2500 1051 2528 sex
1072 2487 1144 2527 his
1165 2488 1203 2527 R
1241 2484 1259 2540 ΙΙ
1300 2487 1546 2527 adicienda
1566 2484 1650 2526 rB¹
1689 2483 1708 2540 Η
1745 2487 1773 2526 4
1802 2487 1902 2526 sine

296 2561 374 2589 om.
396 2545 454 2586 Β1
484 2544 502 2599 Η
530 2546 694 2586 iudicis
715 2544 796 2584 BR
826 2543 989 2584 iudicii
1011 2543 1060 2583 br
1087 2540 1105 2597 Η
1133 2545 1158 2583 5
1180 2543 1300 2595 quod
1319 2544 1358 2583 R
1385 2541 1403 2596 ΙΙ
1433 2545 1458 2583 6
1479 2556 1567 2583 nec
1588 2543 1625 2583 R
1651 2539 1670 2595 [1
1698 2544 1722 2583 7
1747 2541 1901 2594 explo-

295 2604 534 2643 ratissima
544 2603 743 2654 Koppz‘us
765 2600 1015 2652 exploratis
1037 2599 1200 2639 ultima
1220 2599 1302 2639 BR
1331 2596 1349 2653 Η
1376 2601 1401 2639 8
1424 2600 1607 2651 gemina
1622 2598 1703 2638 BR
1723 2610 1902 2651 germa-

291 2672 357 2698 *na
389 2659 412 2699 b
452 2655 470 2712 Η
517 2661 542 2700 9
574 2656 642 2710 in]
677 2658 717 2697 si
745 2657 785 2697 R
821 2653 840 2710 Η
888 2667 1100 2696 numeros
1132 2656 1155 2695 b
1195 2652 1202 2709 l
1255 2656 1307 2695 15
1338 2655 1494 2707 XVIp
1525 2655 1608 2695 XV
1626 2653 1708 2694 BR
1745 2650 1765 2707 Η
1803 2659 1903 2694 ante

291 2715 439 2767 triplo
461 2717 562 2755 add.
584 2715 624 2755 V
645 2718 743 2767 post
763 2712 902 2765 triplo
926 2713 1027 2753 add.
1051 2715 1122 2751 est
1141 2712 1164 2752 b
1216 2707 1223 2765 Ι
1261 2711 1307 2752 II
1327 2724 1440 2754 corr.
1463 2714 1506 2751 in
1527 2713 1574 2750 et
1591 2710 1634 2749 in
1653 2709 1696 2748 B
1724 2706 1742 2763 ΙΙ
1773 2710 1824 2749 16
1856 2712 1904 2750 et

298 2778 395 2811 ante
417 2771 525 2811 XVI
545 2772 646 2812 add.
669 2770 692 2810 b
731 2766 752 2823 Η
793 2773 955 2820 etpost
974 2768 1150 2807 LXIIII
1171 2769 1272 2807 add.
1295 2767 1318 2807 b
1356 2763 1378 2821 Π
1401 2767 1469 2806 418
1498 2769 1645 2818 impar
1665 2777 1741 2804 om.
1766 2763 1867 2806 B¹R
1887 2762 1903 2816 ΙΙ

299 2828 353 2866 20
386 2831 547 2878 quater
577 2831 712 2867 terna.
742 2825 784 2865 B
825 2830 1049 2877 quaterna.
1079 2824 1117 2864 R
1163 2820 1182 2874 ΙΙ
1239 2824 1291 2862 21
1323 2826 1394 2863 ter
1422 2835 1499 2862 om.
1532 2822 1569 2861 R
1615 2817 1635 2875 Η
1682 2823 1736 2861 22
1767 2825 1904 2862 terna
1952 2862 1971 2875 ,

296 2882 411 2923 VIII
443 2884 480 2923 R
527 2880 547 2936 Η
597 2885 650 2924 28
683 2885 753 2923 est
784 2881 897 2921 fiunt
919 2903 971 2909 —
994 2891 1279 2920 numerorum
1307 2877 1547 2918 multitudo
1577 2890 1653 2922 om.
1676 2878 1713 2918 R
1749 2873 1774 2931 [l
