1982 3230
274 94 380 147 406
523 112 525 115 ’
899 92 1165 136 SGHOLIA
1194 93 1259 136 ΙΝ

279 235 459 301 quibus
493 235 618 284 duae
655 234 816 284 clarae
851 242 991 290 sunt,
1040 233 1260 300 reliquae
1296 236 1594 303 obscurae.)
1667 237 1888 302 Nigidius

277 304 703 356 HYDROCHOEA
739 306 843 354 siue
870 304 1190 363 AQVARIVM
1226 307 1466 356 existimat
1501 322 1608 358 esse
1634 307 1886 358 Deucalio-

277 391 393 425 nem
434 373 751 432 Thessalum,
799 377 884 440 qui
919 377 1131 425 maximo
1169 376 1460 441 cataclysmo
1496 378 1655 427 fertur
1689 376 1888 428 relictus

278 460 390 494 cum
429 460 585 494 uxore
621 445 828 510 Pyrrha.
893 452 940 495 et
975 452 1299 510 posteaquam
1334 463 1386 496 se
1425 455 1472 497 et
1505 463 1711 498 uxorem
1748 463 1887 497 suam

277 517 327 564 in
354 520 486 564 terra
512 515 712 564 relictos
740 516 891 566 sensit
917 516 1175 566 orbitatem
1209 516 1382 583 [quae]
1419 519 1656 568 uastitatis
1683 519 1886 567 misera·
1909 540 1931 573 5

276 592 355 634 tus
391 585 451 634 ab
487 586 831 636 inmortalibus
867 588 1063 650 precari
1105 588 1267 652 coepit
1303 594 1356 637 ut
1391 594 1475 637 aut
1511 594 1559 637 et
1592 589 1888 653 ipsi-interi-

277 662 390 704 rent
424 662 505 705 aut
541 657 797 706 hominum
836 672 990 721 genus
1025 659 1384 707 restitueretur.
1435 659 1658 723 Iuppiter
1682 672 1889 723 respon-

277 741 383 774 sum
427 726 471 774 ei
513 741 603 789 per
640 732 824 776 sortem
868 728 1124 783 indicauit,
1180 733 1234 776 ut
1279 728 1467 793 lapides
1512 743 1634 792 quos
1678 734 1791 776 ante
1836 742 1890 778 se

275 797 614 859 repperissent
648 804 761 861 post
795 812 848 847 se
883 799 1135 847 iactarent.
1212 801 1405 847 reuersi
1441 800 1604 862 itaque
1641 812 1890 862 quosquos

277 865 542 914 Deucalion
583 868 716 916 misit
742 868 837 916 uiri
862 868 1072 924 fiebant,
1113 883 1236 932 quos
1263 867 1451 934 Pyrrha
1491 869 1716 917 feminae.
1792 883 1889 932 quo
1913 866 1958 923 ω’

276 943 421 999 pacto
449 951 647 986 rursum
675 937 929 986 hominum
958 953 1114 1002 genus
1141 953 1246 986 esse
1272 945 1456 987 natum.
1498 954 1558 987 ex
1584 953 1680 1002 quo
1702 937 1891 987 Graece

276 1005 415 1055 laoe
449 1007 676 1056 homines
721 1014 1034 1057 uocarentur.
1113 1007 1172 1056 ab
1201 1009 1408 1071 antiquis
1438 1009 1636 1073 quidem
1663 1007 1758 1056 dici
1782 1008 1890 1057 Ari·
1931 1063 1935 1067 ,

278 1082 467 1126 staeum
482 1077 718 1141 Apollinis
736 1077 905 1128 filium.
935 1093 1088 1142 quare
1114 1077 1417 1127 nobilitatem
1446 1077 1716 1141 possidere.
1745 1092 1892 1142 quem

276 1146 451 1211 Apollo
489 1148 647 1197 fertur
683 1163 742 1197 ex
770 1149 958 1212 Cyrena
994 1163 1311 1212 procreasse,
1350 1163 1496 1211 quam
1533 1149 1807 1213 conpressit
1840 1148 1892 1196 in

279 1223 447 1266 monte
474 1217 698 1282 Orphe0‚
738 1220 819 1283 qui
857 1219 1061 1284 Cyrenis
1087 1217 1375 1282 appellatur.
1435 1219 1681 1268 Aristaeus
1717 1217 1893 1266 dicitur
1915 1227 1959 1272 15

279 1287 508 1336 omnibus
544 1289 703 1338 modis
739 1289 1026 1353 artibusque
1063 1290 1236 1337 adfinis
1275 1289 1450 1344 fuisse,
1489 1287 1668 1353 quibus
1704 1286 1893 1337 artibus

278 1363 469 1406 ceteros
505 1358 729 1407 homines
767 1359 827 1407 ad
863 1359 1018 1407 bonas
1053 1361 1221 1421 fruges
1259 1359 1613 1422 utilitatemque
1649 1358 1892 1423 perduce-

150 1439 256 1480 69B
278 1426 376 1476 bat.
451 1428 590 1492 isque
636 1443 747 1477 cum
795 1428 1046 1478 caniculae
1089 1429 1282 1492 signum
1327 1428 1615 1492 pestiferum
1660 1428 1890 1484 oriretur,

283 1504 331 1547 et
357 1499 517 1546 statim
544 1504 830 1561 praesentes
857 1499 1046 1547 fructus
1073 1497 1409 1547 lacerarentur
1440 1497 1891 1562 interciderentque
1921 1528 1923 1531 f

279 1568 506 1617 homines
547 1573 628 1617 aut
665 1569 909 1617 diuturnis
937 1568 1123 1617 morbis
1159 1575 1242 1616 aut
1267 1567 1570 1631 pestilentia,
1609 1567 1718 1632 [aut
1742 1568 1892 1632 pesti·
1917 1587 1958 1619 20

279 1637 450 1702 lentia]
491 1653 572 1687 res
601 1638 791 1688 diuinas
819 1640 1029 1687 maxime
1053 1639 1183 1694 Ioui,
1226 1640 1444 1700 parenti,
1483 1638 1709 1701 Neptuno
1722 1676 1749 1694 ,.
1772 1635 1893 1693 aliis,

281 1707 655 1771 tempestatibus
683 1715 731 1757 et
759 1710 921 1758 uentis
948 1723 1138 1757 summa
1161 1708 1407 1771 diligentia
1434 1722 1644 1771 precans
1664 1706 1891 1762 faciebat,

284 1793 345 1827 ne
381 1785 674 1842 paterentur
711 1793 865 1842 genus
893 1779 1150 1828 bominum
1188 1778 1399 1841 indignis
1427 1776 1781 1826 calamitatibus
1807 1776 1894 1825 ad-

281 1850 384 1897 fici:
424 1849 606 1897 factum
642 1855 796 1897 estut
833 1848 894 1897 ab
923 1849 999 1897 his
1034 1849 1290 1912 impetrari
1316 1849 1482 1910 possit.
1545 1848 1709 1911 itaque
1746 1847 1892 1896 uenia

283 1919 395 1967 data
439 1921 756 1967 constitutum
794 1925 867 1968 est
905 1918 965 1967 ab
1002 1917 1346 1967 inmortalibus
1384 1919 1455 1966 uti
1491 1923 1603 1980 post
1642 1914 1890 1967 caniculae
1912 1934 1954 1967 25

399 2061 420 2097 1
445 2058 593 2098 clares
614 2058 657 2097 B
685 2055 703 2110 ΙΙ
731 2058 906 2109 relique
929 2058 971 2097 B
998 2055 1016 2111 ΙΙ
1046 2059 1270 2099 obscurae
1292 2058 1443 2098 addidi
1481 2054 1487 2110 Ι
1513 2058 1539 2097 2
1569 2056 1840 2097 hidrochoia
1861 2057 1903 2096 P

280 2114 567 2167 hydroehoia
587 2113 629 2152 B
648 2110 667 2166 ΙΙ
696 2116 721 2153 3
752 2114 980 2154 thesalum
1004 2114 1037 2153 0
1054 2111 1074 2166 ΙΙ
1095 2113 1366 2154 cataclismo
1389 2113 1431 2152 P
1454 2109 1459 2166 Ι
1498 2114 1526 2152 4
1554 2116 1901 2165 posteamquam

282 2171 324 2211 B
344 2168 362 2223 ΙΙ
385 2170 573 2210 relictus
591 2170 771 2209 censuit
787 2170 1001 2210 orbitatis
1023 2168 1289 2220 (orbitatem
1304 2167 1364 2220 P)
1387 2179 1507 2219 quae
1524 2168 1849 2220 uastitatisque
1865 2167 1900 2207 G

282 2227 474 2267 relictos
492 2226 639 2265 sensit
662 2225 907 2265 orbitatem
926 2227 1011 2276 qua
1027 2225 1388 2276 uastitatemque
1406 2224 1557 2266 Heius.
1575 2236 1726 2276 apoyr.
1748 2223 1767 2276 ΙΙ
1787 2225 1813 2264 6
1829 2223 1900 2262 in·

282 2282 641 2323 mortalitatibus
663 2282 876 2333 praecari
897 2281 938 2320 B
959 2278 977 2334 ΙΙ
999 2281 1122 2334 cepit
1143 2278 1195 2319 P¹
1220 2277 1238 2334 ΙΙ
1260 2283 1306 2320 et
1335 2276 1415 2319 oms
1446 2280 1486 2318 P
1503 2276 1521 2333 ΙΙ
1550 2280 1796 2320 interirent
1825 2278 1898 2330 Bp

284 2338 473 2379 interire
506 2338 629 2389 cepit
660 2334 736 2390 ΡΙΙ
764 2339 790 2378 8
822 2337 864 2377 ei
885 2337 1042 2388 Breys.
1075 2340 1120 2377 et
1141 2337 1174 2376 C
1193 2333 1212 2390 ΙΙ
1240 2337 1309 2376 uti
1343 2333 1400 2389 ΟΙ
1434 2338 1458 2375 9
1490 2336 1774 2388 reperissent
1802 2334 1844 2374 B
1863 2331 1882 2389 ΙΙ

286 2397 337 2436 10
370 2406 480 2446 quos
509 2395 555 2433 V
579 2392 697 2445 quod
720 2393 753 2433 G
770 2389 790 2446 ΙΙ
813 2394 861 2432 11
884 2397 1019 2446 pecto
1041 2392 1100 2432 B1
1122 2390 1141 2446 ΙΙ
1161 2404 1314 2432 rursus
1344 2392 1385 2431 B
1418 2389 1424 2445 Ι
1446 2404 1546 2432 esse
1567 2395 1725 2432 natum
1745 2391 1904 2444 scripsi

286 2454 357 2491 est
378 2453 539 2490 natum
562 2451 601 2489 P
620 2451 691 2489 est
711 2453 924 2489 senatum
945 2449 987 2488 B
1007 2446 1025 2502 ΙΙ
1049 2451 1099 2488 12
1121 2449 1225 2489 luoe
1246 2449 1287 2487 P
1303 2444 1322 2501 ΙΙ
1344 2449 1564 2488 aristeum
1583 2447 1626 2486 B
1649 2446 1901 2487 aristheum

283 2508 323 2546 P
342 2504 360 2560 ΙΙ
383 2507 434 2547 13
456 2505 703 2553 nobilitate
728 2505 762 2545 G
779 2517 894 2547 corr.
912 2504 1067 2558 Breys.
1089 2502 1094 2558 Ι
1131 2507 1184 2545 14
1206 2516 1435 2554 cyreanea
1451 2505 1493 2543 P
1510 2500 1528 2556 ΙΙ
1581 2515 1792 2543 rocreare
1809 2502 1844 2542 G
1863 2502 1882 2556 ΙΙ

286 2562 558 2614 compressit
587 2558 674 2614 ΡΙ]
703 2562 754 2601 15
787 2560 1016 2601 aristheus
1049 2561 1083 2601 0
1112 2557 1192 2614 Ι16
1219 2559 1459 2614 homnibus
1489 2560 1530 2599 P
1569 2556 1574 2612 Ι
1606 2560 1656 2599 17
1690 2557 1837 2598 ceteri
1869 2559 1904 2598 G

284 2631 398 2658 corr.
423 2619 466 2658 V
494 2614 501 2671 Ι
523 2619 574 2658 18
597 2615 891 2669 perstiferum
911 2617 953 2655 B
973 2613 992 2670 ΙΙ
1012 2619 1065 2657 20
1087 2617 1310 2656 diuternis
1326 2614 1379 2655 P¹
1402 2613 1421 2669 ΙΙ
1442 2615 1611 2656 morbis
1627 2614 1783 2666 Breys.
1805 2615 1900 2654 moss

285 2675 412 2714 ribus
436 2674 468 2714 C
499 2671 506 2727 Ι
529 2677 607 2713 aut
628 2672 896 2725 pestilentia
917 2675 1017 2714 add.
1042 2674 1082 2712 P
1098 2669 1118 2726 ΙΙ
1145 2675 1197 2712 21
1221 2684 1293 2712 res
1315 2672 1495 2712 diuinas
1517 2671 1673 2723 Breys.
1696 2670 1764 2710 rei
1784 2669 1901 2710 diui-

285 2742 372 2769 nae
410 2729 443 2770 0
473 2729 492 2783 ΙΙ
524 2729 626 2770 Ioui
656 2729 840 2781 parenti
869 2727 1026 2781 Breys.
1059 2729 1183 2768 Iouis
1213 2731 1452 2781 parentem
1484 2728 1519 2767 C
1542 2723 1561 2779 ΙΙ
1588 2727 1641 2766 22
1671 2738 1900 2778 praecans

288 2785 479 2826 facebat
509 2786 551 2825 B
571 2782 591 2838 ΙΙ
611 2786 664 2825 23
686 2787 907 2836 parentur
926 2784 969 2823 B
1001 2782 1007 2838 Ι
1028 2787 1083 2825 24
1111 2785 1170 2824 iis
1192 2784 1397 2837 inperari
1415 2783 1458 2823 B
1476 2779 1495 2836 ΙΙ
1514 2783 1569 2822 25
1600 2781 1901 2823 constitutum

289 2843 335 2880 et
367 2840 424 2881 ab
459 2841 494 2882 G
510 2838 528 2895 ΙΙ
549 2839 884 2882 immortalibus
915 2837 983 2894 ΒΙ
1017 2839 1255 2882 'caniculas
1285 2836 1363 2893 ΡΙΙ
1389 2842 1494 2892 post
1513 2837 1649 2881 Buca.
1681 2851 1762 2891 per
1786 2838 1813 2879 C
1833 2835 1855 2892 ΙΙ
