1982 3230
0 0 11 138 ιι
109 30 120 34 -
807 63 997 106 LIBER
1025 62 1123 107 1111
1655 58 1759 116 ‘135

88 198 93 202 ”
144 212 208 263 sit
241 211 325 276 qui
350 208 622 275 appellatur
667 206 727 256 ab
773 204 1206 263 antecedentibus,
1253 205 1365 271 quia
1409 205 1579 271 utique
1625 205 1756 270 quod

16 292 51 343 v5:
146 280 389 331 antecedit
413 280 550 344 prius
577 282 674 334 est,
702 276 951 327 secundus
979 291 1007 325 a
1034 275 1451 342 consequentibus
1478 276 1651 326 eadem
1677 290 1758 325 ra-

16 344 42 370 ²‘⁴
142 353 280 401 tione
303 358 360 400 ut
391 351 499 414 ipso
535 348 736 398 nomine
773 362 863 397 suo
889 348 1106 411 primum
1134 363 1186 397 se
1223 346 1408 397 debere
1444 347 1583 412 sequi
1610 348 1757 397 etiam

144 423 192 470 in
221 420 394 470 ordine
418 418 644 469 uideatur
672 418 950 468 ostendere.
1014 423 1167 467 restat
1194 419 1279 482 qui
1305 419 1368 467 sit
1394 419 1569 467 tertius
1594 418 1645 466 in
1675 433 1757 468 eo-

7 531 14 535 .
48 489 257 541 .5'dem
295 497 587 554 argumento
634 505 659 537 a
698 486 1111 554 repugnantibus,
1186 502 1287 537 non
1326 489 1455 537 enim
1494 494 1659 552 potest
1697 487 1758 538 ad

58 567 80 625 J,
144 561 518 612 disiunctionem
556 558 828 617 transilire,
867 573 993 624 quae
1027 558 1125 607 iam
1162 572 1262 606 non
1297 563 1460 621 potest
1486 574 1545 607 ex
1582 558 1758 609 eodem

142 637 432 695 argumento
458 631 582 680 fieri.
662 631 755 679 erit
782 643 901 692 ergo
928 634 1131 693 quartus
1166 628 1342 677 modus
1369 630 1509 694 quasi
1535 628 1595 677 ad
1623 628 1755 678 aliud

141 707 484 765 argumentum
521 701 724 765 primus.
802 705 850 748 et
882 699 951 749 ibi
976 700 1149 763 utique
1176 699 1470 748 antecedere
1506 698 1666 756 debet,
1705 701 1757 748 in

141 787 238 836 quo
265 787 354 836 per
382 772 804 821 confirmationem
840 770 1124 820 assumitur.
1202 770 1341 834 prior
1368 775 1442 819 est
1478 771 1610 818 enim
1638 785 1757 819 con-

10 855 14 857 ·
77 854 119 886 ιο
140 842 355 892 firmatio
379 844 654 907 negatione.
732 842 932 906 quintus
960 840 1107 890 debet
1133 856 1239 890 esse
1265 840 1399 890 idem
1426 840 1512 890 sed
1540 855 1629 904 per
1658 839 1757 889 dis-

138 914 465 969 iunctionem,
494 913 578 962 sed
606 919 720 977 post
747 927 858 961 eum
885 917 1167 976 propterea,
1207 912 1320 974 quia
1355 913 1405 959 in
1434 926 1492 960 eo
1520 926 1609 975 per
1637 926 1758 960 con-

139 984 465 1033 firmationem
493 984 772 1039 assumitur,
800 984 852 1030 in
873 982 970 1031 hoc
996 987 1158 1032 autem
1180 997 1271 1046 per
1292 983 1620 1046 negationem.
1660 981 1757 1030 hoc

140 1054 192 1102 in
222 1053 414 1103 duobus
439 1053 641 1117 reliquis
666 1053 782 1103 licet
806 1051 1045 1115 intellegi.

282 1124 548 1174 Miscentur
575 1130 740 1174 autem
778 1122 869 1171 sibi
911 1123 1080 1172 multis
1115 1122 1274 1172 modis
1310 1121 1580 1188 syllogismi
1617 1129 1671 1172 ut
1705 1123 1756 1171 in
1786 1127 1870 1167 422

77 1205 119 1238 15
141 1209 237 1244 una
275 1196 648 1244 ratiocinatione
679 1202 726 1244 et
751 1193 1077 1258 praedicatiui
1104 1195 1301 1257 generis
1329 1198 1377 1242 et
1403 1192 1756 1242 condicionalis

139 1266 326 1314 formas
351 1280 589 1328 agnoscas
615 1265 709 1314 hoc
735 1264 898 1312 modo.
939 1264 979 1312 si
1005 1262 1226 1327 quaestio
1254 1264 1316 1312 sit
1341 1270 1510 1313 utrum
1537 1262 1669 1312 utilis
1696 1265 1758 1312 sit

140 1337 243 1399 ipsa
272 1334 543 1394 dialectica,
571 1334 951 1400 proponendum
991 1339 1064 1382 est
1099 1334 1168 1383 <si
1194 1334 1322 1384 bene
1359 1334 1611 1398 disputare
1637 1333 1757 1383 utile

142 1410 230 1462 est,
258 1405 392 1455 utilis
420 1412 494 1455 est
530 1406 656 1456 bene
684 1405 964 1469 disputandi
1002 1405 1233 1454 scientia:
1272 1409 1320 1454 at
1346 1404 1475 1454 bene
1502 1405 1755 1468 disputare

138 1475 258 1525 utile
285 1482 372 1532 est,
392 1476 523 1526 utilis
545 1482 619 1526 est
652 1478 803 1540 igitur
831 1475 1120 1525 dialectica’.
1174 1490 1292 1525 sane
1314 1475 1583 1525 uidendum
1608 1481 1680 1524 est
1706 1476 1755 1524 in

0 1576 26 1607 3
72 1557 118 1590 20
141 1546 474 1610 praedicatiuo
501 1546 786 1612 syllogismo
815 1546 947 1611 quod
984 1546 1045 1595 de
1071 1546 1408 1611 propositione
1445 1546 1539 1596 sibi
1566 1561 1755 1595 assum-

27 1614 30 1618 ’
139 1617 358 1681 ptionem
393 1617 626 1667 uindicet.
702 1632 814 1666 nam
844 1618 1150 1666 extrinsecus
1177 1617 1363 1682 aliquid
1393 1632 1498 1666 eam
1529 1617 1755 1681 accipere

139 1687 452 1737 manifestum
479 1695 567 1737 est.
643 1690 692 1736 in
728 1703 785 1737 eo
814 1694 973 1737 autem
1004 1688 1136 1751 quod
1174 1687 1292 1744 sibi,
1331 1693 1387 1736 ut
1412 1687 1652 1743 diximuS,
1691 1687 1752 1736 de
1774 1691 1918 1733 1346?

139 1759 476 1822 propositione
512 1758 729 1807 uindicat
767 1758 1133 1807 adtendendum
1170 1764 1243 1806 est
1279 1763 1449 1806 utrum
1478 1763 1614 1806 recte
1641 1758 1752 1806 uin-

142 1828 273 1877 dicet
306 1834 512 1892 propter
556 1833 777 1878 seruatas
825 1824 1222 1891 memoratasque
1260 1827 1462 1877 formas,
1540 1828 1755 1877 efficitur

74 1909 118 1941 25
143 1899 271 1947 enim
297 1905 351 1947 ut
370 1898 501 1962 quod
527 1900 576 1947 in
601 1900 938 1963 propositione
967 1898 1026 1947 ad
1048 1897 1394 1948 declaratiuam
1420 1903 1614 1963 partem
1641 1913 1756 1962 per-

22 1972 25 1975 ’
141 1970 301 2018 tinere
334 1968 622 2026 uidebatur,
661 1970 710 2017 in
738 1970 1073 2033 assumptione
1111 1969 1399 2019 ostendatur
1426 1968 1486 2017 ad
1524 1968 1756 2018 subiecti-

140 2054 252 2088 uam
296 2034 563 2102 pertiuere.
650 2046 696 2088 et
733 2041 850 2089 item
887 2042 930 2088 si
979 2039 1120 2089 aliter
1156 2055 1403 2096 assumaS,
1451 2039 1547 2088 hoc
1593 2041 1757 2104 ipsum

139 2109 404 2172 pertinebit
430 2110 491 2158 ad
513 2108 859 2160 declaratiuam
889 2110 986 2159 hoc
1011 2110 1176 2159 mod0.
1226 2117 1398 2159 notum
1428 2115 1501 2159 est
1527 2111 1573 2159 in
1597 2110 1758 2174 prima

139 2179 298 2228 forma
322 2181 388 2229 ita
414 2181 596 2230 assumi
614 2187 668 2230 ut
689 2187 771 2229 aut
792 2179 1089 2230 declaratiua
1111 2182 1464 2245 propositionis
1484 2179 1757 2229 subiectiua

4 2311 11 2315 μ
71 2260 118 2294 ao
141 2251 201 2298 sit
226 2251 586 2315 assumptionis,
617 2256 700 2300 aut
726 2250 997 2301 subiectiua
1024 2252 1372 2316 propositionis
1401 2251 1571 2300 eadem
1600 2257 1648 2300 et
1674 2251 1757 2299 de—

0 2318 8 2333 *
139 2319 370 2370 claratiua
398 2323 459 2370 sit
494 2323 859 2386 assumptioniS,
886 2327 941 2370 ut
965 2323 1006 2371 si
1031 2316 1351 2386 proposueris
1377 2323 1446 2371 sic
1471 2321 1650 2370 eomnis
1677 2335 1759 2370 ars

139 2390 389 2455 frequenti
424 2394 772 2442 exercitatione
808 2392 1088 2442 meditanda
1116 2399 1210 2449 est,
1250 2392 1396 2441 dictio
1424 2398 1586 2440 autem
1616 2405 1759 2440 exer-

141 2462 303 2510 citatio
332 2466 405 2510 est
429 2462 731 2521 rhetoricae,
760 2461 1044 2526 <rhetorica
1079 2464 1231 2527 igitur
1259 2463 1506 2526 frequenti
1542 2461 1757 2512 dictione

254 2618 280 2658 3
310 2617 411 2669 ipse
434 2617 517 2656 BR
555 2613 574 2670 Π
623 2618 649 2657 5
679 2619 834 2669 potest
861 2617 913 2657 br
941 2629 1179 2670 possemus
1199 2616 1282 2657 BR
1319 2613 1340 2671 Η
1389 2618 1440 2657 12
1471 2617 1520 2656 in
1541 2637 1594 2644 —
1615 2628 1758 2671 nega·

63 2695 66 2698 ·
141 2671 315 2713 tionem
344 2686 423 2714 om.
453 2671 574 2713 B¹R¹
617 2669 637 2726 H
695 2674 747 2714 17
782 2675 853 2714 est
882 2673 921 2714 R
960 2685 1060 2714 esse
1089 2673 1131 2712 B
1177 2669 1201 2727 ss
1250 2673 1302 2713 18
1344 2675 1425 2713 aut
1452 2673 1491 2712 R
1537 2669 1557 2726 ΙΙ
1606 2675 1660 2714 29
1690 2672 1759 2715 ita

59 2726 65 2731 ”
142 2728 315 2769 assumi
347 2726 520 2780 (deinde
549 2730 691 2769 deleta
721 2732 774 2769 ut
805 2728 904 2781 aut)
935 2729 1202 2769 subiectiua
1233 2730 1565 2782 assumptionis
1587 2729 1628 2769 si
1655 2741 1761 2783 pro-

141 2785 350 2836 posueris
372 2785 440 2825 sio
460 2784 503 2824 B
530 2786 694 2827 omissis
715 2787 872 2826 ceteris
899 2782 918 2839 Η
943 2789 1045 2837 post
1073 2788 1124 2825 ut
1154 2788 1235 2825 aut
1263 2786 1365 2828 add.
1390 2788 1483 2836 aut,
1507 2787 1660 2827 deinde
1681 2786 1760 2827 de-

140 2840 268 2881 letum
298 2840 560 2883 subiectiua
581 2845 624 2882 in
647 2842 683 2883 R
711 2838 730 2895 [l
772 2840 1429 2884 declaratiua—-declaratiua
1451 2842 1512 2884 sit
1533 2856 1611 2885 om.
1632 2841 1688 2885 Β*
1714 2838 1743 2898 ss
