1982 3230
0 100 27 126 ..Ι

119 274 338 326 illustres
363 280 478 324 sunt
506 273 551 322 ei
576 272 705 328 dies,
735 274 912 333 quibus
937 287 1312 330 conseruamur‚
1341 286 1490 335 quam
1517 273 1596 322 illi
1618 271 1726 335 qui-

120 346 214 395 bus
245 346 539 398 nascimur'.
617 350 666 392 et
691 344 739 391 in
765 343 994 392 Pisonem
1024 343 1174 392 ε1111111
1200 344 1405 393 interest
1430 349 1597 392 utrum
1623 343 1728 406 ipse

122 414 294 466 consul
314 411 566 480 'improbis
593 411 922 470 contionibus,
950 415 1246 477 perniciosis
1275 413 1468 478 legibus
1504 428 1610 463 rem
1638 427 1728 477 pu-

120 486 299 536 blicam
323 478 472 535 ueiet
503 498 565 532 an
593 483 713 532 alios
739 497 923 533 nexare
950 485 1201 546 patiatur'.

76 587 97 618 5
262 568 347 618 His
371 568 522 632 igitur
549 567 770 618 breuiter
798 567 1145 617 demonstratis
1180 567 1280 625 maj
1305 583 1430 632 quae
1458 583 1559 617 non
1587 584 1730 619 exco·
1759 576 1844 617 498

121 641 336 705 gitantur
363 638 424 688 ab
452 645 651 688 oratore
688 638 773 688 sed
812 653 839 687 a
876 653 1021 687 causa
1059 645 1142 687 aut
1182 654 1208 687 a
1244 639 1342 687 reis
1377 647 1728 702 suggeruntur,

119 713 169 760 in
207 709 366 759 tribus
400 715 455 758 ut
494 709 705 758 diximus
739 707 890 758 rebus
924 709 1079 772 posita
1118 715 1255 759 sunt:
1308 711 1359 758 in
1395 711 1642 773 scriptura
1678 716 1732 759 ut

117 779 412 836 tabularum,
441 781 491 828 in
519 779 806 829 auctoritate
833 786 888 828 ut
911 780 1126 836 testium,
1155 781 1205 828 in
1234 780 1523 829 necessitate
1550 786 1604 829 ut
1629 787 1730 829 tor-

116 857 415 900 mentorum.
492 861 568 899 AB
608 861 849 900 80311)Το
898 856 1244 914 argumentum
1290 852 1474 915 petitur
1512 865 1625 900 cum
1670 852 1730 901 ad
1760 858 1843 897 499

53 938 96 970 10
119 921 296 970 dubiae
333 922 408 970 rei
435 922 779 985 probationem
814 919 895 969 uel
931 921 1318 986 chirographum
1357 921 1434 971 uel
1468 928 1729 971 testamen-

119 1000 222 1041 tum
248 994 332 1040 uel
366 993 711 1040 transactionis
745 990 943 1040 tabulae
978 993 1250 1041 recitantur
1286 999 1548 1057 ceteraque
1583 992 1731 1042 huius

119 1062 268 1119 modi,
297 1077 423 1127 quae
446 1063 512 1111 ita
536 1067 652 1111 nota
674 1067 788 1110 sunt
806 1068 859 1110 ut
880 1061 1103 1127 exempla
1124 1063 1185 1111 de
1212 1063 1433 1112 oratione
1460 1077 1560 1111 non
1581 1079 1730 1129 quae-

120 1140 247 1181 rant.
306 1143 383 1181 AB
411 1143 819 1182 AVCTORITATE
850 1147 971 1182 uero
998 1139 1051 1181 ut
1078 1132 1385 1182 ‘Africanum
1412 1133 1594 1183 dixisse
1618 1135 1729 1183 iure
1760 1140 1843 1181 500

758 130 947 173 LIBER
975 132 1017 174 v
1627 127 1728 179 163

121 1217 320 1253 caesum
357 1217 463 1252 esse
490 1202 745 1252 Tiberium
773 1204 1106 1260 Gracchum'‚
1145 1210 1230 1252 aut
1256 1219 1367 1252 cum
1393 1205 1730 1253 testimonium

55 1287 96 1320 15
121 1289 220 1339 quo
258 1275 443 1322 ueritas
486 1273 702 1322 nudetur
737 1274 957 1323 adfertur
983 1280 1037 1322 ut
1071 1275 1313 1324 ‘Gnaeum
1343 1274 1633 1338 Pompeium
1671 1275 1731 1323 de
1786 1316 1794 1323 .

120 1346 270 1394 misso
321 1344 568 1396 frumento
614 1342 840 1392 celeriter
886 1349 1060 1392 testem
1106 1344 1249 1392 nobis
1293 1350 1460 1393 orator
1504 1344 1729 1394 inducit'.

121 1415 388 1464 auctoritas
422 1415 574 1477 igitur
610 1420 692 1463 aut
727 1413 987 1463 iudicantis
1014 1420 1098 1463 aut
1133 1416 1268 1463 testis
1296 1420 1383 1466 est.
1460 1414 1575 1464 huic
1601 1417 1730 1478 parti
1749 1452 1830 1490 162
1846 1450 1882 1491 G

122 1485 456 1549 adiunguntur
494 1484 693 1533 oracula
738 1490 999 1548 ceteraque
1043 1485 1092 1533 id
1120 1499 1291 1549 genus,
1341 1484 1730 1550 <NECESSITAS
1762 1507 1842 1547 501

121 1570 243 1605 uero
284 1555 365 1604 dat
397 1554 545 1604 fidem
585 1570 642 1603 ex
686 1557 946 1604 tormentis
984 1562 1067 1604 aut
1103 1571 1278 1604 somno
1317 1562 1402 1605 aut
1437 1555 1609 1606 furore
1648 1564 1732 1606 aut

57 1640 98 1671 ρο
123 1625 406 1682 uinolentia,
428 1641 556 1691 quae
575 1640 753 1674 uocem
779 1625 984 1675 alicuius
1004 1627 1079 1675 rei
1098 1633 1359 1692 extorquet
1383 1628 1567 1676 inuitis,
1605 1642 1732 1691 quae

122 1698 286 1744 omnia
321 1711 434 1745 cum
460 1696 521 1744 ad
554 1697 889 1745 coniecturam
918 1714 980 1746 *ιιι
1010 1711 1155 1746 causa
1179 1711 1391 1761 persona
1420 1696 1549 1746 facto
1582 1698 1634 1746 id
1660 1704 1734 1746 est

119 1769 227 1831 ipso
254 1767 535 1816 testimonio
570 1764 652 1815 uel
689 1766 999 1815 confessione
1034 1766 1115 1816 uel
1140 1769 1323 1830 scripto
1361 1769 1561 1831 capiunt
1586 1767 1732 1817 tidem

120 1836 201 1886 uel
237 1838 479 1886 amittunt.
558 1850 670 1885 nam
708 1843 756 1885 et
791 1852 937 1886 causa
974 1836 1182 1887 dicentis
1222 1838 1502 1887 adtenditur
1539 1843 1586 1887 et
1620 1852 1731 1902 per-

122 1921 239 1956 sona
266 1912 506 1956 tractatur
533 1913 582 1955 et
615 1908 769 1970 ipsius
795 1908 1072 1971 scripturae
1110 1922 1278 1957 secum
1314 1914 1398 1957 aut
1434 1923 1548 1957 cum
1584 1923 1731 1958 causa

46 1989 99 2022 ,25
123 1975 332 2041 qualitas
358 1982 687 2041 comparatur.

265 2047 495 2112 Sequitur
520 2054 574 2096 ut
599 2047 660 2095 ad
689 2063 742 2096 ea
771 2063 895 2112 quae
923 2047 1187 2098 conciliant
1212 2055 1295 2098 aut
1325 2056 1622 2115 permouent
1646 2065 1731 2099 au·
1764 2066 1845 2105 502

123 2117 342 2184 ditores>
375 2119 696 2167 intentionem
733 2133 870 2167 suam
910 2119 1076 2169 flectat
1111 2126 1353 2177 assertor,
1401 2121 1636 2185 quoniam
1673 2121 1733 2169 ad

123 2188 267 2237 fidem
293 2188 568 2237 faciendam
595 2189 718 2238 haec
740 2204 935 2253 quoque
954 2191 1206 2253 pertinere
1227 2190 1576 2254 praedicimus.
1617 2205 1732 2240 con-

235 2358 259 2396 2
299 2358 324 2405 g
349 2359 400 2398 10
435 2355 453 2410 Η
499 2359 550 2397 13
584 2357 644 2401 cf.
677 2357 773 2401 Cic.
800 2358 855 2398 de
879 2358 1007 2401 Orat.
1029 2360 1076 2400 II
1094 2359 1119 2409 ξ
1144 2361 1223 2400 106

241 2513 261 2550 1
301 2511 503 2551 illostres
532 2512 571 2552 R
607 2512 828 2554 illiustres
856 2527 880 2553 r
928 2510 949 2568 Η
994 2513 1063 2554 11ἰί
1092 2514 1176 2554 BR
1222 2511 1242 2568 Η
1322 2514 1458 2555 uibus
1490 2526 1735 2554 conserua-

124 2578 223 2607 mur
253 2579 390 2618 quam
421 2567 492 2606 illi
521 2580 580 2608 eoe
609 2569 811 2610 Cicerone
841 2573 1053 2623 suppleuit
1084 2571 1255 2612 Grotius
1316 2568 1322 2625 Ι
1372 2572 1397 2610 2
1428 2572 1574 2610 intere
1594 2570 1636 2610 Ε
1666 2571 1735 2610 in-

123 2626 297 2664 teresse
319 2624 357 2664 R
378 2624 549 2664 intere&
571 2623 612 2663 B
651 2622 670 2678 l}
710 2627 735 2665 9
768 2639 795 2666 a
826 2626 997 2679 scripto
1028 2628 1052 2666 b
1091 2623 1110 2681 Η
1151 2629 1201 2667 11
1235 2628 1312 2667 uel
1342 2628 1443 2667 add.
1466 2627 1660 2667 Halmius
1698 2624 1719 2680 ΙΙ

130 2681 180 2719 12
211 2679 333 2720 1110ᾶί
363 2693 441 2722 om.
465 2679 580 2721 B¹R¹
631 2677 650 2734 Η
700 2682 752 2721 21
793 2682 921 2723 facto
951 2682 998 2722 id
1030 2687 1100 2723 est
1130 2684 1229 2736 ipso
1260 2683 1302 2722 B
1338 2684 1467 2723 facto
1508 2682 1737 2723 adduntur

127 2734 174 2774 id
212 2739 282 2777 est
319 2737 420 2789 ipso
457 2736 524 2776 Db
564 2735 661 2787 (sed
688 2739 728 2777 D
756 2739 848 2778 sine
877 2738 924 2778 id
953 2739 1064 2790 est):
1108 2742 1247 2780 deleto
1285 2739 1512 2780 adduntur
1546 2742 1737 2780 lacunam

127 2791 332 2832 indicauit
357 2793 552 2833 Halmius
579 2795 642 2834 ita
669 2797 871 2846 supplens
910 2807 1027 2847 quae
1064 2797 1218 2836 omnia.
1257 2808 1360 2835 eum
1402 2796 1460 2836 ad
1502 2796 1734 2836 coniectu-

127 2858 225 2886 ram
265 2847 582 2901 adplicantur,
633 2863 687 2890 ex
728 2862 871 2890 causa
900 2856 980 2891 etc.
1044 2848 1063 2906 {l
1118 2854 1172 2892 23
1210 2864 1316 2892 nam
1346 2854 1392 2892 et
1426 2852 1470 2892 E
1513 2864 1620 2892 nam
1648 2865 1735 2893 nec

128 2901 212 2942 BD
252 2899 272 2957 [1
319 2905 373 2944 26
396 2906 647 2947 concilient
667 2905 727 2946 B¹
767 2903 787 2960 Η
825 2908 1143 2959 permoneriD
1182 2905 1202 2962 H

1285 2976 1396 3028 11*
