1982 3230
750 144 937 188 LIBER
966 145 988 185 1
1115 211 1118 213 A
1269 133 1284 143 ”
1318 113 1323 119 ’
1649 143 1683 197 9

77 302 139 339 ex
164 287 241 337 his
265 287 412 352 igitur
437 287 574 337 urnis
600 286 722 337 deus
747 285 1021 337 alternatim
1039 293 1276 351 quantum
1305 287 1551 352 dispositis
1576 287 1684 359 sat>
1717 292 1777 331 18

78 366 185 409 erat
208 355 479 409 hauriebat.
516 372 628 407 nam
653 359 878 422 quotiens
905 356 1015 407 orbi
1042 357 1333 423 complacito
1354 357 1513 408 uitalis
1538 358 1681 423 spiri-

76 435 156 479 tus
180 427 402 478 salubres
426 428 736 478 ministrabat
771 443 940 484 auraS,
988 443 1047 477 ex
1081 427 1162 477 illa
1198 430 1391 492 argenti
1427 428 1683 480 clementia

77 499 206 549 aeris
239 498 400 550 hausti
434 499 739 563 permiscens
783 500 969 548 semina
1012 498 1337 563 temperabat.
1403 516 1514 550 cum
1560 516 1681 551 uero

33 575 264 636 spestem
303 569 460 619 diram
506 570 806 620 commeritis
841 567 1131 619 mortalibus
1167 569 1460 628 minabatur,
1490 573 1593 621 a'eri
1618 572 1682 622 si-

76 638 259 691 militer
285 639 489 689 anhelos
514 641 655 703 ignes
682 646 764 690 aut
788 641 1030 705 torpentis
1056 639 1254 703 frigoris
1280 656 1471 691 uenena
1507 644 1680 692 misce-

73 709 159 761 bat
184 716 229 759 et
255 711 304 759 in
331 711 662 774 adfligendum
690 726 857 761 meare
884 710 1091 775 cogebat
1116 710 1304 761 orbem.
1342 711 1427 761 tali
1454 712 1531 761 dei
1559 719 1679 763 tem·
1715 724 1774 763 19

24 835 27 841 ,
62 787 364 848 ·peramento
380 781 544 831 Virtus
570 781 819 831 admonita
856 782 1109 846 magisque
1146 797 1258 831 cum
1295 798 1405 832 eum
1443 783 1680 834 salutares

73 866 219 902 auras
245 853 455 902 miscere
481 853 806 918 conspiceret,
836 852 994 919 [caeci
1020 851 1220 918 poetae]
1251 853 1452 903 Graium
1480 870 1679 905 uersum

8 933 52 968 ιο
73 920 319 973 Mercurio
347 923 703 987 comprobante
730 929 1087 973 commemorat

185 1005 385 1071 Φοῑβοε
422 1005 772 1071 ἀκερεεκόμηε
810 1009 1000 1071 λοιμοῦ
1038 1008 1277 1073 νεφέλην
1317 1007 1583 1074 ἀπερύκει.

75 1090 184 1159 [ex]
222 1107 318 1156 quo
355 1102 544 1156 pestem
582 1093 742 1156 fugari
768 1107 913 1156 posse
938 1093 1236 1150 Mercurius,
1265 1095 1305 1142 si
1332 1110 1483 1145 uoces
1511 1097 1681 1159 primis
1761 1147 1768 1151 ,

72 1163 292 1227 uestigiis
327 1164 431 1213 eius
477 1163 793 1220 accederent,
830 1163 1148 1214 admonebat:
1185 1164 1471 1216 subdendae
1518 1174 1680 1216 tamen

74 1231 233 1283 Clario
267 1233 444 1283 fidibus
478 1235 765 1298 personanti
799 1239 950 1298 atque
985 1236 1114 1284 inter
1149 1241 1278 1284 serta
1322 1235 1570 1301 laurigera
1607 1238 1679 1286 in-
1801 1295 1805 1298 g

12 1314 54 1348 15
75 1301 286 1352 fularum
321 1302 511 1353 lubrico
537 1304 838 1369 inplexoque
874 1305 1011 1354 crine
1045 1305 1291 1355 redimito,
1356 1306 1468 1356 talia
1505 1322 1676 1358 conse·
1710 1319 1772 1358 20

71 1380 238 1423 rentes
276 1379 328 1423 ut
353 1373 528 1438 procul
553 1375 755 1439 Pythius
799 1375 1066 1425 aduentare
1094 1378 1349 1440 conspexit
1384 1393 1680 1441 causamque

71 1443 312 1494 aduentus
336 1445 509 1510 primis
534 1444 812 1510 aspectibus
837 1447 1141 1510 recognouit‚
1171 1447 1348 1496 throno
1372 1464 1470 1513 quo
1497 1450 1678 1499 inside-

70 1512 155 1564 bat
180 1529 426 1578 exurgens
449 1515 612 1566 Musas
638 1517 775 1566 iussit
801 1532 1085 1567 occurrere.
1147 1533 1272 1582 quae
1298 1518 1412 1569 licet
1437 1521 1488 1568 in
1524 1521 1677 1570 Maiu-

68 1599 225 1649 genae
251 1584 467 1635 officium
504 1602 776 1652 properare
812 1587 1124 1645 uiderentur,
1162 1591 1284 1639 ratis
1321 1597 1485 1640 tamen
1519 1593 1678 1640 inces-

12 1654 206 1705 msibus
248 1655 590 1707 mouebantur.
667 1673 723 1707 ac
778 1665 895 1707 tunc
939 1674 1176 1723 germano
1229 1661 1278 1709 in
1332 1663 1676 1726 participatum
1711 1672 1799 1713 96

70 1726 233 1791 operis
261 1742 645 1794 consessumque
671 1734 900 1794 suscepto
928 1731 1064 1793 prior
1091 1745 1233 1780 orsus
1261 1737 1333 1780 est
1357 1732 1589 1783 Phoebus

175 1826 316 1874 anxia
344 1841 455 1876 cum
483 1826 689 1891 trepidis
715 1833 853 1876 nutat
879 1830 1118 1878 sententia
1142 1829 1293 1879 rebus
1708 1844 1765 1884 21

176 1894 379 1945 fluctuat
404 1897 604 1945 incertis
630 1904 712 1946 aut
737 1913 846 1947 sors
871 1898 1037 1961 ignota
1065 1899 1255 1958 futuris

177 1965 421 2015 consultet
446 1966 651 2016 mortale
678 1983 847 2031 genus,
877 1983 1099 2032 quosque
1126 1970 1286 2033 indiga
1314 1973 1418 2021 ueri

7 2048 49 2082 :25
178 2051 295 2085 cura
324 2037 440 2086 facit
467 2037 641 2088 dubios
666 2037 746 2088 uel
773 2053 885 2102 spes
911 2041 1096 2089 incerta
1123 2040 1319 2104 fatigat:

175 2113 223 2155 at
248 2106 389 2156 nobis
414 2110 662 2172 praescire
689 2124 912 2168 uacuum,
942 2112 1186 2160 cunctatio
1213 2111 1346 2162 nulla
1374 2119 1469 2163 est:

181 2262 206 2300 2
247 2262 462 2303 auriebat
490 2264 527 2303 lt
575 2261 594 2317 Η
641 2266 668 2304 4
700 2266 823 2305 austi
853 2266 890 2306 R
939 2263 957 2320 Η
1006 2267 1031 2305 6
1070 2266 1262 2308 hanelos
1294 2268 1375 2310 BR
1423 2266 1442 2323 ΙΙ
1493 2272 1516 2311 7
1557 2271 1676 2311 affli-

68 2316 266 2370 gendum
298 2318 341 2358 B
407 2316 426 2373 [J
489 2321 515 2360 8
562 2322 813 2361 ammonita
844 2321 926 2362 BR
992 2319 1012 2377 l]
1078 2326 1104 2364 9
1143 2326 1302 2377 graeci
1351 2331 1518 2378 poetae
1579 2330 1674 2371 cod.

66 2373 207 2426 aaa:
229 2376 411 2426 ‚qlossam
441 2377 580 2417 deleuz·
615 2374 636 2431 [1
676 2379 725 2417 11
758 2378 1002 2420 Luc.Aleae.
1017 2382 1074 2419 36
1110 2377 1131 2434 ss
1169 2378 1383 2422 ΛΥΜΟΥ
1415 2380 1673 2424 ΝΕΦΕΛΕΝ

66 2427 325 2472 ΑΠΟΡΥΚΙ
357 2431 464 2472 BR:
523 2436 645 2474 riora
665 2435 806 2475 ⁴uerba
844 2437 886 2475 in
917 2436 998 2476 BR
1032 2444 1149 2476 recte
1171 2440 1388 2490 leyuncur:
1421 2454 1447 2478 α
1468 2440 1491 2479 b
1522 2446 1677 2491 postea

66 2486 309 2538 deprauata
335 2493 431 2528 sunt
478 2485 484 2542 Ι
547 2491 598 2529 12
637 2491 778 2531 deleta
808 2505 863 2531 ex
892 2494 1049 2545 scripsi
1076 2493 1234 2546 primis
1267 2493 1458 2547 (primae
1489 2495 1588 2545 BR)

68 2543 122 2583 13
161 2543 454 2584 ammonebat
484 2545 566 2585 BR
614 2543 634 2600 [1
683 2548 734 2587 15
772 2547 1063 2601 implexoque
1093 2549 1136 2588 B
1183 2547 1204 2604 [l
1254 2552 1304 2592 16
1343 2551 1516 2603 pithius
1546 2551 1588 2591 B

67 2599 120 2638 19
151 2600 267 2640 satis
288 2598 385 2641 BR¹
425 2597 445 2654 ΙΙ
482 2603 534 2641 21
569 2614 930 2657 consensumque
953 2606 989 2645 Ii
1038 2602 1056 2659 ΙΙ
1105 2619 1238 2646 susce
1267 2608 1334 2647 lzic
1358 2609 1513 2648 desinit
1538 2609 1618 2660 fol.
1649 2611 1678 2648 6

65 2667 107 2695 u.
139 2656 182 2695 in
211 2655 278 2695 B.-
308 2659 501 2710 seqnitur
525 2659 603 2709 fol.
639 2662 663 2698 7
712 2664 917 2701 nostrum
951 2675 1006 2701 ex
1045 2663 1275 2715 contiguis
1302 2665 1462 2704 uenire
1492 2668 1676 2717 pectus,

61 2711 141 2763 fol.
172 2714 226 2752 15
255 2726 294 2756 r.
324 2715 472 2766 incipit
507 2717 585 2767 pto
625 2717 750 2767 prior
788 2729 916 2758 orsus
957 2722 1028 2758 est
1067 2718 1229 2759 foebus
1261 2721 1415 2760 desinit
1441 2721 1521 2771 fol.
1547 2723 1600 2761 15
1629 2736 1669 2762 u.

46 2770 240 2808 ‘certum
275 2773 345 2810 est
374 2769 657 2823 lauripotens
680 2772 910 2825 decusque
934 2773 1087 2813 diuum
1117 2775 1172 2825 cf.
1202 2777 1346 2826 praef.
1395 2772 1414 2830 Ι]
1464 2778 1519 2817 24
1563 2790 1673 2819 con-

64 2823 211 2864 saltat
228 2825 268 2864 D
287 2821 306 2879 ΙΙ
346 2837 548 2879 quosque
562 2828 787 2869 ——dubios
798 2830 1015 2883 Hauptins
1037 2830 1246 2883 quodque
1260 2852 1310 2857 —
1324 2831 1510 2873 dubium
1531 2833 1613 2875 BR
1632 2831 1652 2887 ΙΙ

65 2879 121 2919 26
156 2892 322 2921 uacum
360 2881 589 2924 Salmasius
628 2886 686 2924 ad
722 2888 871 2939 script.
904 2888 1000 2926 leisc.
1033 2888 1142 2939 Any.
1178 2889 1243 2930 ecl.
1275 2889 1418 2929 Hack.
1452 2890 1480 2929 I
1504 2904 1551 2943 p.
1585 2894 1673 2931 564

62 2939 263 2978 uacuum
291 2937 373 2980 RB
417 2935 438 2993 ss

611 27 617 42 ι
666 0 1469 44 ΜΨΨςῖΨῠϊῐῆἾ-τ-πωφν
1512 0 1589 38 ξπ·
1647 0 1982 51 “waressz

419 37 423 50 Ι
475 32 482 41 ⁶
530 37 548 46 ‘⁴’
591 42 610 50 ι-
668 46 672 50 .
720 46 721 49 η
767 36 769 41 ⁴
810 33 814 39 ¹
890 34 897 45 ἶ
1038 37 1058 51 -v
1155 38 1158 42 ‘
1206 33 1210 40 ⁴
1270 38 1272 45 '
1856 36 1864 43 “
1910 43 1914 46 “
1934 55 1937 57 .
1951 45 1982 58 ,st-
