1982 3230
0 0 124 136 F
742 97 926 138 mmm
959 97 1026 138 111
1393 94 1396 98 ’
1623 95 1691 148 83

80 241 342 306 superiore
365 239 460 289 hoc
481 238 643 288 differt
663 239 794 303 quod
813 240 1058 303 genitiuus
1083 245 1256 289 auctus
1275 237 1458 304 syllaba
1485 238 1506 287 1
1530 237 1692 289 littera

80 311 274 368 finitur,
324 310 407 374 qui
445 310 589 358 etiam
629 309 821 359 datiuus
857 308 1149 366 habebitur,
1191 310 1471 359 accusatiuo
1508 309 1558 358 in
1607 322 1691 360 EM

84 382 199 437 exit,
238 379 453 430 ablatiuo
487 380 539 427 in
565 379 604 428 E
641 380 960 444 productam,
1001 381 1080 429 cui
1117 380 1305 429 adiecta
1344 392 1465 430 RVM
1504 379 1690 444 syllaba

83 451 356 515 genitiuum
406 448 647 513 pluralem
696 450 825 500 facit.
915 451 1053 500 cuius
1090 452 1285 499 numeri
1334 452 1694 500 nominatiuum

15 535 62 570 ..5
83 535 192 571 cum
218 521 375 584 prima
401 521 645 584 positione
672 528 718 570 et
746 522 972 571 uocatiuo
999 519 1272 585 <singulari
1299 521 1570 579 confundit,
1609 522 1692 571 da-

81 591 237 640 tiuum
274 597 320 640 et
364 589 632 640 ablatiuum
679 603 785 642 Bvs
826 590 1009 657 syllaba
1049 591 1158 639 finit
1209 597 1262 640 ut
1310 590 1507 642 facies
1560 592 1694 642 dies

81 675 223 726 spes
260 662 445 711 acies,
519 662 605 711 sed
632 662 935 711 consuetudo
961 662 1053 711 rei
1081 667 1129 709 et
1153 661 1288 725 spei
1314 662 1568 725 corripuit,
1591 662 1692 710 for-

41 725 46 731 ’
82 738 211 782 tasse
247 731 378 796 quod
414 730 749 796 monosyllaba
786 741 915 782 sunt.
1003 731 1035 780 S
1074 730 1238 781 littera
1278 740 1637 795 praecurrente
1672 733 1689 781 l
1723 750 1804 789 302

15 851 18 853 Α
82 802 460 851 terminatorum
497 801 587 851 alia
616 810 846 852 crescunt
869 817 960 866 per
991 800 1217 867 obliquos
1244 817 1412 860 casus,
1446 802 1536 852 alia
1563 804 1689 852 intra

11 878 63 921 vio
83 872 286 922 modum
322 873 579 936 positionis
606 873 936 929 continentur,
979 873 1231 923 dumtaxat
1256 874 1307 922 iu
1346 889 1555 923 numero
1593 875 1690 923 sin-

81 941 254 1007 gulari.
302 957 475 992 eorum
500 943 649 1007 igitur
672 958 797 1007 quae
823 959 925 993 non
951 950 1180 993 crescunt
1197 947 1388 1008 species
1413 952 1528 995 sunt
1550 945 1690 994 duae.

18 1023 26 1028 ·
80 1014 244 1078 prima
271 1015 470 1076 generis
496 1013 750 1063 masculini
778 1022 832 1063 ut
869 1014 1122 1063 scrobis
1159 1017 1415 1070 mensis,
1455 1014 1571 1065 licet
1594 1015 1692 1065 Lu-

84 1097 235 1133 canus
284 1084 566 1147 exiguam
605 1084 892 1134 scrobem
942 1084 1144 1142 dixerit,
1182 1084 1417 1134 ‘seminini
1464 1093 1512 1135 et
1556 1101 1689 1136 com-

84 1153 246 1203 munis
297 1160 351 1203 ut
398 1156 575 1203 canis
623 1156 872 1204 iuuenis
890 1193 902 1211 ‚
958 1171 1170 1220 quorum
1217 1155 1477 1206 declinatio
1521 1156 1689 1221 liquet.

20 1235 65 1268 ιε.
85 1223 301 1273 secunda
335 1224 527 1287 species
560 1224 657 1273 hoc
692 1241 719 1274 a
756 1226 1015 1289 superiore
1051 1226 1214 1276 differt
1252 1227 1384 1290 quod
1423 1226 1687 1276 ablatiuum
1724 1237 1773 1274 79
1797 1235 1834 1277 G

83 1295 132 1343 in
158 1293 178 1342 1
203 1293 415 1344 litteram
441 1295 561 1351 finit,
601 1297 940 1345 accusatiuum
968 1297 1014 1344 in
1042 1307 1125 1353 1M‚
1166 1304 1219 1346 ut
1245 1296 1344 1346 duo
1370 1296 1474 1347 sola
1501 1311 1693 1348 mascu-

82 1363 180 1413 lina
218 1363 468 1427 Ligeris
506 1364 783 1423 TiberiS,
822 1366 1055 1415 feminina
1094 1366 1293 1417 clauis
1320 1368 1530 1430 peluis
1570 1375 1691 1418 tur-

82 1435 172 1484 ris
209 1435 347 1483 sitis
384 1436 591 1497 tussis.
643 1435 771 1485 hanc
797 1438 1041 1487 rationem
1067 1436 1348 1488 declinandi
1383 1438 1691 1504 manifestam

79 1504 338 1554 diminutio
374 1503 512 1562 facit,
541 1520 665 1570 quae
691 1506 711 1555 Ι
736 1507 978 1571 producta
1014 1509 1064 1557 in
1090 1509 1318 1558 omnibus
1343 1510 1446 1559 istis
1470 1525 1692 1575 pronun-

18 1575 247 1630 aotiatur.
321 1576 486 1639 itaque
513 1577 739 1640 quotiens
765 1577 1044 1627 dubitamus
1082 1579 1141 1629 de
1178 1581 1433 1630 nominum
1471 1582 1691 1631 enuntia-

82 1643 268 1712 tione>
294 1644 665 1695 diminutionem
701 1648 805 1697 eius
830 1648 1159 1699 consulemus
1235 1665 1408 1699 eorum
1435 1666 1561 1715 quae
1596 1651 1691 1716 syl-

82 1714 191 1765 laba
229 1724 459 1765 crescunt
493 1716 684 1780 species
720 1724 835 1766 sunt
869 1718 1020 1776 duae,
1060 1734 1270 1783 quarum
1308 1721 1462 1771 altera
1489 1723 1694 1787 corripit

82 1785 104 1835 l
128 1784 357 1842 litteram,
384 1786 436 1834 in
463 1802 558 1851 qua
584 1786 744 1836 forma
769 1795 883 1837 sunt
901 1788 1170 1839 masculina
1197 1792 1455 1855 sanguis
1480 1791 1692 1855 puluis

82 1854 272 1920 lapiS,
301 1857 532 1905 feminina
560 1859 770 1921 cuspis
797 1859 1020 1916 cassis,
1060 1861 1110 1909 in
1137 1860 1314 1925 quibus
1339 1861 1459 1911 nihil
1485 1865 1693 1912 interest

20 1937 62 1970 25
85 1926 216 1988 quod
241 1925 334 1975 alia
358 1927 409 1974 in
436 1926 761 1977 declinatione
788 1929 808 1978 Ι
834 1938 1131 1980 conseruant
1156 1931 1247 1981 alia
1273 1931 1322 1980 in
1349 1931 1388 1981 E
1415 1920 1687 1987 t‘ranseunt,

41 1998 44 2001 ’
83 1996 201 2046 item
228 1996 360 2062 quod
388 1996 479 2046 alia
514 2009 610 2049 DIS
638 1997 729 2047 alia
755 2011 846 2051 RIS
884 1999 1068 2065 syllaba
1104 2003 1156 2050 in
1194 2003 1410 2066 genitiuo
1436 2003 1686 2054 finiantur.

85 2065 238 2116 altera
284 2068 474 2131 species
522 2067 543 2117 Ι
587 2067 801 2118 litteram
840 2070 1069 2134 producit
1115 2073 1165 2121 in
1213 2074 1516 2123 nominatiuo
1563 2073 1690 2138 glis

82 2135 164 2185 lis
200 2138 394 2187 amnis
433 2152 577 2202 quam
618 2146 667 2188 et
703 2141 753 2188 in
792 2140 1001 2206 obliquis
1035 2142 1260 2193 similiter
1295 2152 1596 2195 conseruant
1643 2153 1690 2195 et

83 2207 134 2255 in
181 2207 396 2271 genitiuo
443 2207 619 2272 plurali
665 2208 687 2259 1
732 2217 846 2261 ante
889 2224 974 2261 VM
1029 2212 1264 2278 syllabam
1315 2214 1522 2265 dicimus
1576 2215 1689 2281 gli-

20 2287 63 2322 20
84 2277 245 2326 rium
292 2276 496 2328 litium
545 2281 810 2330 amnium
858 2296 959 2331 non
1008 2290 1063 2332 ut
1109 2285 1369 2348 superiora
1414 2285 1686 2350 lapidum

86 2347 414 2411 cuspidum
444 2348 771 2401 cassidum.
847 2353 880 2402 S
925 2352 1086 2403 littera
1123 2355 1454 2419 praecedente
1503 2355 1544 2404 O
1590 2363 1689 2405 ter·
1720 2372 1803 2412 303

27 2479 29 2483 ι
82 2419 380 2468 minatorum
406 2434 519 2469 cum
545 2421 607 2470 sit
630 2436 842 2486 paruum
869 2422 1150 2481 discrimen,
1189 2440 1287 2475 una
1314 2427 1504 2490 species
1531 2432 1693 2491 potest

200 2533 221 2570 1
255 2535 417 2572 auctus
444 2533 604 2585 scripsi
640 2538 781 2574 aucta
809 2534 891 2575 BR
939 2531 958 2588 Η
1014 2538 1040 2576 6
1082 2539 1128 2576 et
1158 2550 1234 2578 om.
1258 2538 1296 2578 R
1343 2536 1362 2592 Η
1411 2541 1437 2579 9
1478 2544 1693 2579 crescunt

92 2587 322 2628 Vulcanius
353 2590 523 2628 crescit
551 2588 635 2629 BD
674 2586 693 2643 Η
734 2592 787 2631 10
818 2593 1076 2632 continetur
1096 2592 1181 2633 BD
1203 2607 1316 2635 corr.
1347 2595 1465 2638 Vale.
1506 2592 1526 2648 Η
1564 2594 1691 2635 dum—

59 2645 248 2684 *taxxat
288 2645 328 2683 D
386 2641 404 2698 ΙΙ
463 2647 511 2684 11
555 2646 736 2698 species
774 2650 881 2686 sunt
918 2651 1010 2688 tres
1040 2648 1126 2688 BD
1164 2662 1278 2690 corr.
1311 2664 1446 2703 mar-9.
1484 2653 1603 2691 Vulc.
1654 2649 1673 2705 Η

86 2700 139 2740 12
158 2699 264 2742 Luc.
281 2700 412 2740 VIII
429 2704 511 2741 576
540 2698 558 2755 Η
590 2704 641 2742 14
672 2705 722 2742 ut
745 2703 873 2743 canis
894 2717 968 2744 om.
993 2704 1034 2743 D
1061 2701 1079 2757 ΙΙ
1110 2707 1162 2746 16
1185 2705 1350 2746 finiunt
1371 2709 1412 2746 D
1446 2704 1465 2760 Η
1505 2710 1560 2748 20
1582 2720 1689 2760 quo-

90 2753 216 2797 ciens
236 2757 277 2796 D
315 2753 334 2810 ΙΙ
373 2758 427 2797 26
449 2759 510 2798 ris
532 2758 713 2810 syllaba
734 2758 776 2798 B
807 2759 1075 2811 trissyllaba
1096 2762 1135 2801 R
1173 2758 1193 2814 Η
1231 2764 1285 2802 27
1307 2763 1346 2803 is
1368 2763 1570 2803 litteram
1591 2763 1633 2804 B
1667 2761 1672 2816 Ι

89 2809 179 2863 glis
199 2813 404 2853 amnisB
426 2814 482 2854 lis
504 2817 604 2857 add.
623 2815 646 2855 b
669 2815 801 2868 gliris
822 2815 936 2868 (glis
956 2815 998 2869 r)
1022 2817 1192 2859 samnis
1215 2819 1252 2859 R
1279 2815 1299 2872 Η
1335 2821 1388 2861 29
1411 2819 1576 2873 glirum
1599 2821 1635 2860 R
1668 2817 1672 2874 Ι

89 2865 144 2908 30
172 2869 396 2909 samnium
416 2883 440 2909 r
476 2866 496 2924 ΙΙ
1147 2911 1151 2917 ,

1272 2943 1349 2994 ὅ*
