1982 3230
286 142 396 196 330
770 140 1070 188 MARTIANI
1093 139 1414 182 CAPELLAE

286 284 550 334 duodecim
577 283 716 331 annis
750 281 1107 346 longitudinem
1132 282 1362 346 propriae
1389 282 1782 332 circumactionis
1808 298 1894 332 ex·

288 356 467 409 currit,
506 368 595 416 per
630 352 935 403 latitudinem
973 368 1095 402 uero
1123 354 1338 418 quinque
1376 353 1587 416 partium
1637 355 1892 417 spatiatur.

290 423 492 473 altitudo
519 425 622 474 eius
657 422 832 472 circuli
868 425 917 472 in
944 423 1142 486 Virgine
1175 425 1479 487 repperitur,
1516 422 1645 473 absis
1681 437 1802 473 uero
1842 425 1896 473 in

290 495 467 544 Cancri
493 495 661 558 quinta
698 494 884 544 decima
920 495 1162 557 portione.
1239 495 1322 558 qui
1348 508 1579 543 ascensus
1605 494 1895 544 descensus-

290 580 386 629 que
424 571 687 614 eccentron
725 579 832 614 esse
867 571 1030 614 terrae
1065 565 1227 629 ipsum
1265 580 1460 629 quoque
1499 563 1739 614 circulum
1777 579 1892 614 con·
1936 577 1959 611 5

287 641 546 685 testantur.

173 736 259 778 886
431 733 708 782 Phaenonis
734 738 896 782 autem
932 733 1026 782 hoc
1054 738 1125 782 est
1151 733 1351 782 Saturni
1377 732 1641 797 praelat‘ius
1669 731 1898 782 omnibus

290 804 425 854 sidus
453 804 644 852 modico
671 805 833 852 minus
853 804 993 853 annis
1015 805 1211 867 triginta
1240 803 1479 853 circulum
1508 819 1649 853 suum
1679 817 1768 868 per
1787 802 1896 851 lon-

291 875 563 938 gitudinem
598 875 968 930 circumcurrit,
997 876 1045 922 in
1072 873 1326 924 latitudine
1366 890 1484 923 uero
1512 873 1669 922 tribus
1702 879 1890 922 tantum

291 951 375 993 aut
409 945 554 994 etiam
591 943 782 993 duabus
816 943 1039 1008 partibus
1076 950 1390 1008 peruagatur.
1467 943 1668 992 altitudo
1696 944 1892 1008 quidem
1915 959 1959 992 10

292 1016 433 1064 cuius
461 1014 632 1065 circuli
671 1016 720 1063 in
740 1015 1024 1078 Scorpionis
1051 1016 1191 1077 signo
1236 1014 1530 1079 grandescit,
1559 1029 1735 1063 uerum
1763 1013 1896 1063 absis

290 1086 445 1148 ipsius
480 1087 529 1134 in
557 1085 733 1134 Librae
768 1086 1002 1134 uicesima
1035 1087 1279 1148 portione.
1355 1090 1493 1132 ortus
1529 1091 1629 1133 tam
1666 1085 1712 1133 ei
1740 1098 1895 1148 quam

127 1165 275 1209 3006
293 1156 485 1206 duabus
520 1155 837 1204 inferioribus
879 1161 989 1204 sunt
1031 1154 1237 1211 simileS,
1281 1170 1391 1204 cum
1418 1153 1545 1203 ultra
1584 1160 1749 1217 partes
1775 1153 1895 1203 duo-

292 1226 449 1275 decim
487 1242 570 1275 eos
607 1228 831 1275 matutini
867 1226 1035 1275 radius
1072 1240 1171 1274 non
1217 1226 1540 1289 praecesserit
1567 1224 1706 1273 Solis.
1779 1229 1897 1283 tunc

292 1298 475 1361 quippe
521 1298 813 1358 matutinum
859 1303 1020 1346 ortum
1060 1296 1220 1345 facere
1266 1294 1618 1360 perhibentur,
1667 1309 1896 1344 occasum
1920 1309 1963 1342 15

292 1373 455 1416 autem
483 1383 595 1416 cum
632 1366 745 1416 Sole
780 1367 993 1415 dimerso
1039 1371 1259 1415 remotae
1293 1373 1367 1414 tot
1403 1365 1626 1429 partibus
1662 1371 1896 1429 poterunt

167 1448 261 1488 887
293 1452 550 1501 apparere.
627 1443 701 1485 est
726 1443 774 1486 et
809 1436 933 1485 alius
969 1442 1130 1492 ortuS‚
1169 1437 1252 1500 qui
1286 1433 1631 1498 ἀκρονύκτιοε
1666 1434 1897 1499 perhibe-

292 1514 400 1565 tur,
439 1522 549 1556 cum
579 1507 691 1556 Sole
725 1508 851 1556 intra
898 1507 1204 1555 horizontem
1240 1506 1558 1569 demergente
1595 1505 1655 1554 de
1693 1506 1899 1554 orientis

293 1578 418 1626 facie
457 1578 645 1626 clarum
671 1577 896 1641 planetae
930 1577 1177 1626 nascentis
1213 1576 1347 1624 sidus
1386 1577 1605 1638 emergit.
1683 1575 1896 1624 occulta-

291 1649 450 1697 tiones
476 1663 596 1697 uero
624 1663 794 1697 eorum
821 1648 961 1703 fiunt,
989 1662 1099 1695 cum
1118 1646 1255 1696 radio
1270 1647 1398 1696 Solis
1425 1651 1757 1709 consequente
1782 1659 1898 1709 pro·
1921 1659 1964 1691 20

292 1719 389 1781 prii
414 1717 615 1766 luminis
650 1717 899 1766 uibratum
927 1717 1166 1766 amittunt.
1242 1717 1454 1780 denique
1481 1731 1506 1763 a
1532 1715 1754 1779 partibus
1782 1730 1897 1764 cen-

292 1795 396 1837 tum
424 1789 595 1851 uiginti
632 1789 866 1838 stationes
901 1789 1163 1837 matutinas
1191 1788 1409 1836 efficiunt
1446 1801 1656 1850 moxque
1690 1787 1740 1834 in
1780 1800 1895 1834 con-

292 1860 446 1907 trario
473 1860 523 1907 in
545 1865 743 1908 centum
763 1859 1010 1922 octoginta
1027 1857 1249 1922 partibus
1276 1865 1474 1906 exortus
1494 1857 1677 1906 faciunt
1695 1870 1899 1920 uesper-

291 1929 447 1986 tinOS,
491 1929 709 1992 itemque
745 1930 795 1978 in
834 1928 927 1978 alio
963 1927 1117 1977 latere
1153 1930 1202 1977 in
1240 1934 1437 1977 centum
1471 1927 1640 1990 uiginti
1676 1925 1899 1990 partibus

292 2000 566 2049 uicinantes
592 1999 827 2050 stationes
850 1998 1037 2048 faciunt
1061 2000 1384 2062 uespertinaS,
1413 2012 1532 2061 quas
1554 1998 1696 2046 etiam
1722 2011 1897 2046 secun·
1920 2009 1966 2043 25

292 2069 380 2118 das
407 2069 588 2126 dicunt,
618 2071 701 2134 qui
726 2071 1012 2133 superiores
1038 2070 1222 2133 primas
1250 2083 1359 2118 esse
1386 2068 1630 2123 dixerunt,
1660 2081 1896 2116 consecu-

292 2144 371 2188 tus
398 2143 559 2187 autem
595 2139 764 2188 radius
799 2140 925 2187 intra
963 2139 1222 2188 duodecim
1256 2144 1422 2203 partes
1460 2152 1541 2187 eas
1579 2137 1812 2201 opprimit
1848 2142 1897 2186 et

293 2207 519 2258 occultat.
595 2209 681 2258 sed
717 2223 892 2258 cursus
935 2208 1268 2258 diuersitatem
1312 2207 1679 2271 altitudinisque
1725 2221 1899 2257 causas

293 2278 594 2328 consistendi
637 2278 1129 2343 retrogradiendique
1164 2286 1309 2343 atque
1353 2277 1615 2327 incedendi
1664 2275 1894 2326 omnibus

293 2494 393 2530 ctor
413 2491 452 2530 R
490 2503 660 2543 superu
690 2493 842 2531 rector
871 2504 895 2529 r
932 2487 951 2543 Η
997 2490 1025 2529 4
1055 2489 1386 2541 discensusque
1406 2488 1444 2528 R
1481 2484 1500 2541 11
1541 2489 1566 2529 5
1599 2490 1817 2528 ecentron
1846 2486 1895 2526 rb

294 2551 488 2587 centron
516 2547 556 2587 R
587 2550 746 2587 centro
767 2546 809 2586 B
848 2543 866 2600 ΙΙ
904 2549 1076 2586 terram
1095 2543 1198 2585 B¹R
1236 2542 1255 2598 ΙΙ
1303 2547 1326 2585 7
1358 2544 1567 2585 faenonis
1589 2544 1671 2584 BR
1709 2540 1728 2596 ΙΙ
1766 2555 1898 2596 prae-

291 2602 402 2642 latis
432 2616 457 2642 r
494 2599 504 2656 1
563 2604 589 2644 8
626 2602 971 2643 ωοᾶίοόῑηιιῐιηε
994 2602 1031 2642 R
1077 2597 1097 2654 Η
1138 2602 1187 2641 11
1220 2600 1353 2641 huius
1385 2601 1435 2652 (h
1463 2602 1507 2640 in
1533 2599 1642 2651 ras.)
1665 2598 1707 2638 B
1737 2599 1840 2650 quis
1861 2598 1899 2637 R

296 2656 529 2755 ⁰¹²³¹²⁸R⁷231¹
568 2655 1062 2768 ἳῖἕωῖἒθῖεὲήῗῖἒ
1079 2653 1208 2754 οῗῗψῃ
1237 2657 1397 2765 ¹³²1‘1H
1418 2651 1899 2764 ξὲήξξῃζᾎξῖἒῆῗ

295 2728 771 2812 ἵξΖἈΚΡΟΝΥΚὸΥΕ
802 2771 883 2811 BR
921 2771 1007 2811 uid.
1038 2784 1079 2822 p.
1106 2727 1264 2820 328212
1312 2766 1331 2822 ΙΙ
1380 2781 1480 2826 cum
1506 2767 1610 2824 sole
1657 2767 1695 2807 R
1747 2763 1766 2820 11
1806 2767 1895 2806 ari-

295 2838 479 2875 zontem
500 2837 538 2876 R
568 2836 819 2877 orizontem
840 2834 882 2874 B
921 2830 939 2887 Η
979 2839 1077 2882 ante
1109 2832 1163 2872 de
1193 2834 1294 2873 add.
1319 2844 1419 2871 cum
1449 2844 1473 2870 r
1511 2826 1529 2882 ΙΙ
1569 2831 1622 2869 20
1653 2829 1764 2871 solis
1795 2831 1897 2870 add.

294 2890 493 2942 Koppius
540 2888 559 2946 Η
610 2894 943 2950 consequentes
974 2887 1033 2928 B¹
1072 2886 1090 2942 Η
1129 2890 1184 2929 28
1215 2887 1511 2928 diuersitates
1542 2884 1602 2925 Β1
1642 2883 1661 2938 ΙΙ
