1982 3230
281 89 388 141 286
766 89 1067 130 MARTIANI
1090 71 1410 132 CAPELLAE
1447 107 1451 117 ·

130 231 385 282 262Gduo
431 231 626 279 numeri
671 236 924 293 ponuntur
968 230 1038 278 sic
1074 236 1130 279 ut
1169 237 1345 280 neuter
1383 247 1443 280 ex
1487 232 1740 297 prioribus
1779 248 1894 284 cum

170 733 253 775 '783

285 301 524 350 alterutro
551 315 610 348 ex
647 299 1022 364 insequentibus
1049 302 1277 363 componi
1302 303 1480 366 possit,
1517 317 1582 352 ne
1607 305 1648 352 is
1674 304 1890 367 quidem,

286 373 370 435 qui
397 371 456 419 de
478 370 671 419 duobus
690 370 939 434 prioribus
964 370 1121 420 factus
1148 377 1235 427 est,
1264 373 1492 436 componi
1516 388 1627 422 cum
1654 373 1892 424 alterutro

283 442 648 504 insequentium
688 447 865 504 potest.
929 442 1028 490 sint
1055 442 1152 490 duo
1179 444 1373 491 numeri
1409 449 1641 507 quattuor
1677 451 1724 493 et
1764 450 1891 502 octe,
1971 465 1975 468 ²

283 513 501 575 itemque
529 510 606 560 alii
634 511 730 560 duo
763 508 856 579 [et]
882 513 1097 576 quinque
1126 518 1172 560 et
1197 518 1401 576 septem,
1428 520 1604 563 neuter
1631 530 1688 564 ex
1714 515 1893 578 priori·
1935 525 1964 559 ⁵

283 581 379 631 hus
406 583 636 645 componi
664 597 774 630 cum
803 582 956 630 altero
983 583 1342 647 insequentium
1369 590 1545 647 potest.
1587 585 1893 634 confundan-

284 659 364 701 tur
390 653 441 701 in
466 668 618 701 unum
649 658 878 716 quattuor
906 658 952 701 et
979 659 1105 701 octo.
1144 653 1267 702 fiunt
1293 652 1565 704 duodecim.
1618 670 1680 704 ne
1705 655 1756 704 hi
1783 656 1893 720 qui-

285 723 394 772 dem
426 738 537 771 cum
565 724 779 786 quinque
820 730 902 772 aut
935 730 1124 787 septem
1153 730 1515 787 conponuntur.
1578 726 1766 775 minimi
1800 741 1892 775 nu-

285 795 412 842 meri
439 809 497 842 ex
525 795 596 842 eis
624 795 705 857 qui
746 793 836 842 sub
879 793 1048 845 eadem
1085 796 1277 842 ratione
1315 801 1430 843 sunt
1464 796 1591 845 inter
1617 811 1669 845 se
1702 797 1893 845 incom-

284 865 431 929 positi
457 870 597 920 sunt,
634 871 688 912 ut
722 865 773 912 in
801 863 933 928 dupli
970 865 1159 913 ratione
1200 866 1387 913 minimi
1413 872 1526 914 sunt
1551 867 1648 916 duo
1677 873 1724 915 et
1749 866 1888 930 quat·
1914 877 1977 909 10—

283 943 413 991 tuor,
450 935 500 982 in
529 933 661 997 tripli
688 933 786 982 duo
814 941 861 982 et
888 949 997 990 sex,
1036 935 1183 997 hique
1210 931 1342 984 inter
1365 951 1417 984 se
1453 951 1550 984 non
1587 951 1892 1001 componun-

286 1012 381 1055 tur.
457 1011 505 1053 at
542 1005 769 1068 quamuis
805 1006 968 1067 magni
1005 1006 1198 1053 numeri
1235 1012 1516 1062 sumantur,
1554 1007 1638 1071 qui
1676 1008 1806 1056 iuter
1840 1021 1893 1056 se

282 1075 599 1139 incompositi
626 1081 763 1131 sunt,
792 1076 980 1123 minimi
1006 1082 1121 1123 sunt
1149 1090 1207 1124 ex
1234 1075 1464 1124 omnibus
1491 1077 1574 1140 qui
1601 1075 1693 1126 sub
1721 1078 1894 1127 eadem

283 1147 475 1195 ratione
502 1152 631 1195 sunt.
682 1146 777 1193 sint
804 1145 878 1195 CC
905 1151 952 1194 et
978 1144 1028 1193 C.
1080 1145 1131 1193 hi
1157 1147 1286 1194 inter
1313 1162 1364 1195 se
1390 1161 1490 1195 non
1518 1152 1892 1210 componuntur.

285 1223 358 1265 est
391 1223 554 1265 autem
593 1217 721 1265 inter
748 1231 831 1264 eos
857 1217 1069 1278 partium
1095 1218 1246 1272 ratic,
1275 1217 1405 1280 quod
1435 1216 1509 1266 CC
1547 1223 1595 1265 et
1621 1223 1818 1267 centum
1847 1223 1962 1267 et1⁵

284 1287 304 1335 I
332 1287 534 1335 dimidio
561 1293 609 1335 et
634 1288 900 1349 nonaginta
928 1301 1107 1336 nouem
1134 1286 1356 1351 partibus
1382 1288 1691 1336 antecedunt.
1731 1302 1893 1352 neque

170 1370 256 1416 784
286 1357 331 1406 id
370 1372 478 1406 esse
514 1358 644 1405 inter
679 1356 805 1404 ullos
844 1359 1061 1405 minores
1107 1372 1341 1406 numeros
1374 1364 1552 1422 potest.
1625 1373 1734 1407 cum
1770 1372 1893 1407 uero

283 1443 549 1477 mensurae
584 1429 709 1475 ratio
738 1427 916 1476 efficiat
942 1432 996 1475 ut
1022 1427 1217 1490 quidam
1245 1442 1334 1491 per
1360 1443 1411 1476 se
1437 1429 1733 1492 inconpositi
1760 1443 1892 1476 com-

284 1499 509 1564 positiue,
539 1498 736 1562 quidam
766 1499 894 1546 inter
920 1511 972 1546 se
999 1498 1291 1561 inconpositi
1320 1498 1625 1560 conpositiue
1652 1499 1764 1552 sint,
1792 1512 1892 1546 non

284 1568 495 1617 alienum
524 1569 717 1617 uidetur
744 1567 1036 1616 documenta
1064 1567 1139 1615 his
1166 1569 1388 1631 protinus
1414 1567 1655 1617 subicere.
1731 1569 1890 1617 omnis
1916 1579 1959 1611 20

283 1653 522 1688 numerus
548 1644 631 1687 aut
656 1653 747 1701 per
774 1653 826 1686 se
862 1639 1200 1702 inconpositus
1228 1649 1302 1687 est
1337 1643 1420 1686 aut
1446 1639 1486 1687 si
1514 1653 1602 1702 per
1627 1653 1680 1687 se
1708 1653 1892 1702 conpo-

285 1711 408 1758 situs
435 1715 508 1759 est
542 1709 592 1756 in
629 1707 791 1772 aliquo
818 1723 907 1772 per
934 1723 987 1757 se
1020 1709 1329 1772 inconposito
1356 1723 1640 1757 mensuram
1666 1707 1816 1758 habet
1839 1714 1894 1757 ut

284 1779 350 1829 111
376 1781 556 1844 quique
592 1778 652 1828 ab
682 1794 740 1827 eo
767 1794 859 1843 per
884 1777 1268 1842 triplicationem
1304 1780 1590 1828 increscunt
1626 1794 1804 1828 nouem
1841 1779 1891 1827 in

284 1850 457 1906 tribuS,
498 1851 615 1898 item
643 1849 923 1914 quindecim
952 1851 1000 1897 in
1030 1850 1260 1914 quinque.
1326 1850 1410 1898 sed
1439 1865 1608 1906 eorum
1638 1850 1720 1914 qui
1747 1863 1891 1913 pares

286 1937 344 1970 ex
372 1920 574 1984 paribus
600 1926 741 1976 sunt,
768 1921 969 1968 minima
997 1935 1230 1969 mensura
1258 1921 1304 1968 in
1333 1919 1525 1969 duobus
1552 1926 1638 1968 est.
1715 1935 1888 1968 eorum
1911 1929 1955 1963 25

285 1997 448 2040 autem
478 1992 562 2054 qui
588 2005 733 2054 pares
760 2006 819 2039 ex
851 1989 1107 2053 inparibus
1144 1996 1227 2039 aut
1253 1992 1396 2039 etiam
1423 1991 1621 2055 inpares
1647 1995 1774 2045 sunt,
1802 2004 1891 2053 po-

285 2068 382 2111 test
419 2062 619 2109 minima
656 2075 889 2109 mensura
916 2059 1096 2125 <etiam
1133 2061 1183 2108 in
1217 2060 1487 2110 maioribus
1522 2055 1740 2110 numeris
1767 2075 1890 2115 esse,

286 2131 514 2181 omnibus
539 2137 703 2179 tamen
740 2129 1028 2194 imparibus
1095 2132 1237 2179 unius
1263 2137 1424 2180 autem
1461 2127 1718 2194 compositi
1754 2145 1891 2180 men-

287 2217 402 2251 sura
429 2201 510 2250 uel
536 2202 737 2249 minima
775 2200 854 2249 uel
882 2201 1093 2249 maxima
1119 2200 1262 2249 facile
1289 2202 1587 2265 repperitur.
1650 2199 1888 2264 replicato

402 2345 423 2382 1
459 2354 561 2382 cum
584 2340 1059 2382 alterutro—duobus
1082 2340 1311 2393 prioribus
1341 2354 1418 2382 om.
1441 2338 1498 2379 B¹
1531 2337 1550 2394 11
1585 2342 1610 2381 3
1633 2341 1711 2392 qui
1732 2339 1788 2380 de
1809 2352 1889 2382 om.

284 2400 323 2441 R
371 2396 388 2453 Η
436 2399 462 2439 5
506 2404 552 2438 et
589 2411 666 2440 om.
694 2411 728 2450 p
777 2394 794 2452 Η
847 2399 870 2438 7
911 2397 979 2437 hii
1008 2397 1091 2438 BR
1139 2394 1157 2450 Ι]
1206 2399 1230 2438 9
1269 2398 1309 2436 is
1339 2398 1377 2437 R
1414 2397 1484 2436 his
1515 2396 1557 2435 B
1605 2393 1623 2449 Η
1675 2399 1727 2437 10
1765 2395 1894 2449 dupli

285 2456 467 2498 ratione
489 2455 528 2495 R
548 2460 591 2495 et
610 2467 724 2495 corr.
748 2455 792 2494 in
823 2453 998 2506 duplici
1018 2453 1199 2494 ratione
1221 2452 1263 2492 B
1296 2452 1345 2494 al
1366 2453 1679 2506 duplicatione
1700 2454 1800 2494 add.
1821 2452 1846 2493 b

286 2514 337 2554 11
370 2511 545 2563 triplici
575 2511 640 2551 bR
687 2507 706 2564 ΙΙ
763 2510 918 2562 hiique
949 2509 991 2549 B
1026 2510 1163 2563 hique
1194 2510 1233 2550 R
1269 2509 1318 2549 hi
1349 2510 1426 2562 qui
1454 2523 1479 2549 r
1525 2505 1544 2563 ΙΙ
1594 2510 1647 2550 13
1675 2513 1782 2549 sunt
1809 2508 1847 2548 R

285 2569 377 2609 sint,
406 2582 431 2607 r
470 2565 488 2621 ΙΙ
529 2568 621 2608 sint
652 2580 730 2607 om.
751 2567 790 2606 R
828 2563 846 2621 ΙΙ
887 2568 941 2606 14
970 2570 1021 2606 ut
1050 2567 1099 2606 in
1120 2567 1206 2607 duo
1229 2566 1286 2606 ad
1308 2578 1445 2605 unum
1464 2569 1565 2618 post
1585 2565 1677 2605 sint
1696 2566 1795 2606 add.
1811 2577 1846 2616 p
1875 2561 1891 2672 n

291 2626 344 2666 15
377 2629 423 2665 et
443 2641 466 2667 *
486 2623 529 2663 B
561 2622 610 2664 a}
636 2624 659 2663 Ι
687 2624 787 2663 add.
811 2623 834 2663 b
875 2620 894 2676 Η
934 2625 986 2663 17
1017 2635 1229 2663 numerus
1251 2623 1289 2662 R
1323 2618 1342 2676 Η
1380 2623 1433 2663 19
1455 2621 1790 2674 inconpositiue
1822 2620 1845 2660 b

285 2683 341 2723 20
365 2687 468 2733 post
500 2680 700 2721 alienum
731 2681 831 2720 add.
865 2684 1020 2719 tamen
1050 2679 1074 2719 b
1122 2675 1141 2732 Η
1190 2678 1465 2719 documenta
1494 2677 1565 2717 his
1594 2677 1794 2729 Koppius
1830 2676 1889 2715 ti-

286 2739 453 2779 mentis
483 2735 566 2776 BR
600 2737 674 2776 his
703 2736 728 2776 b
758 2739 914 2775 tamen
944 2735 1015 2776 his
1043 2749 1068 2774 r
1115 2732 1135 2788 ΙΙ
1183 2736 1238 2775 23
1267 2734 1364 2775 1111
1391 2733 1452 2773 B¹
1491 2730 1509 2786 Ι]
1559 2732 1758 2784 quinque
1789 2732 1812 2772 b
1851 2728 1873 2786 ΙΙ

284 2792 420 2834 VIIII
441 2807 517 2835 om.
539 2791 640 2833 B¹R
678 2789 696 2846 Η
735 2793 791 2832 28
821 2796 975 2832 tamen
996 2790 1082 2831 BD
1115 2791 1252 2831 etiam
1274 2791 1298 2831 b
1337 2787 1357 2844 Η
1394 2792 1448 2830 29
1469 2789 1696 2841 reperitur
1717 2789 1758 2828 D
1788 2800 1890 2841 rep·

285 2850 491 2903 perietur
520 2849 544 2889 b
594 2845 613 2902 Η
661 2848 907 2902 replicatio
937 2846 995 2886 B¹
1030 2844 1064 2902 ΙΙ
