1982 3230
0 0 114 73 Γ
146 9 152 12 ,

11 76 38 142 3
755 76 944 119 Lmen
973 76 1059 118 vn
1522 114 1527 118 .
1613 71 1717 125 271

110 238 205 288 que
226 236 376 286 super
394 220 680 270 inferiorem
703 233 929 268 normam
949 216 1325 281 impleridicunt
1344 215 1624 282 includique
1646 216 1717 266 ui-

109 294 232 358 ginti
246 298 491 358 quattuor.
518 289 756 355 inquibus
777 289 1077 340 obscuritate
1094 305 1154 338 ex
1176 303 1486 353 superuacuo
1499 287 1717 353 quaesita

110 363 528 413 euidentissimum
552 367 625 410 est
644 360 845 424 planum
873 375 981 409 esse
1006 374 1268 408 numerum
1289 361 1359 408 sic
1378 357 1584 421 singulis
1609 358 1718 407 iun-

111 436 217 491 ctiS,
247 432 426 500 nequid
453 446 603 496 super
623 430 833 480 alterum
855 432 932 486 sit,
962 429 1338 479 crassitudinem
1365 430 1470 479 fieri
1498 429 1718 478 numeris

65 515 87 547 5
112 518 263 570 super
296 517 561 553 numerum
607 502 850 566 inpositis.
925 501 1030 565 ipsa
1080 506 1244 549 autem
1282 499 1510 562 planities
1553 500 1718 549 uarias
1750 509 1833 550 755

110 574 294 625 formas
320 573 468 623 habet
494 574 715 622 numeris
751 572 810 620 ad
839 570 1205 619 similitudinem
1234 569 1511 634 aliquarum
1538 571 1717 634 ligura-

106 660 218 696 ·rum
246 643 504 702 ordinatiS‚
534 658 659 707 quae
686 643 927 706 incipiunt
953 657 978 691 a
1006 640 1159 698 linea,
1197 649 1299 689 tum
1339 639 1416 690 uel
1443 640 1717 704 triangulae

106 715 245 779 fiunt,
274 721 419 778 atque
447 729 531 763 eae
559 727 684 777 quae
706 719 936 778 quattuor
963 711 1169 775 angulos
1195 711 1379 761 habent
1404 710 1484 761 uel
1506 710 1716 775 quadra-

107 793 183 836 tae
227 792 340 835 sunt
383 783 463 834 uel
508 782 660 833 altera
703 791 846 848 parte
890 782 1166 846 longioreS,
1213 797 1334 845 quas
1382 780 1714 845 ἑτερομήκει(
1736 788 1871 833 2491]

42 867 82 898 ¹0
107 857 286 908 Graeci
310 854 575 920 appellant.
617 862 875 919 praeterea
902 853 1071 918 plures
1097 869 1294 919 quoque
1321 852 1486 917 anguli
1511 858 1719 917 possunt

30 965 37 969 .
106 926 356 977 interdum
403 927 548 976 etiam
593 924 868 988 inaequalia
917 926 1112 974 numeri
1155 924 1310 973 latera
1348 939 1480 981 esse,
1517 931 1570 973 ut
1604 939 1717 973 cum

106 997 283 1047 deinde
321 1000 372 1047 in
412 996 789 1046 crassitudinem
825 996 1050 1058 insurgat
1088 996 1370 1059 figurasque
1407 994 1575 1059 plures
1611 994 1716 1044 esti-

107 1069 218 1124 ciat,
247 1075 431 1117 tessera
460 1067 815 1130 perfectissima
856 1081 962 1115 esse
988 1068 1117 1116 inter
1146 1081 1228 1116 eas
1253 1066 1466 1115 uidetur.
1531 1071 1606 1116 est
1632 1081 1716 1114 au·

106 1145 203 1188 tem
240 1136 538 1202 triangulum
579 1139 627 1186 in
653 1138 961 1201 paucissimis
986 1137 1171 1197 trihuS‚
1199 1137 1491 1201 quadratum
1519 1137 1568 1185 in
1596 1151 1715 1200 pau·
1789 1175 1792 1178 .

41 1218 83 1249 15
107 1210 317 1258 cissimis
354 1215 600 1273 quattuor.
676 1208 725 1257 id
763 1213 926 1257 autem
963 1207 1095 1271 quod
1133 1208 1338 1271 imparia
1375 1206 1528 1257 latera
1567 1206 1716 1256 habet

106 1281 155 1328 in
192 1271 504 1344 paucissimis
530 1279 584 1328 V.
648 1278 800 1327 altera
837 1286 976 1342 parte
1011 1278 1206 1341 longius
1242 1276 1637 1341 quadrangulum
1666 1279 1713 1326 in

106 1350 412 1414 paucissimis
439 1364 540 1398 sex.
608 1349 880 1397 crassitudo
906 1349 1038 1407 item,
1067 1363 1192 1412 quae
1222 1355 1421 1404 tessera,
1451 1349 1499 1397 in
1524 1348 1713 1411 paucis-

104 1421 239 1469 simis
265 1427 391 1470 oct0.
469 1434 581 1469 nam
610 1419 706 1468 duo
734 1419 1006 1483 simplicem
1035 1419 1256 1468 ordinem
1285 1420 1487 1476 faciunt,
1516 1425 1617 1468 tres
1644 1420 1716 1469 sic

106 1492 335 1556 componi
361 1497 570 1554 possunt
595 1497 649 1540 ut
676 1490 878 1539 totidem
906 1490 1114 1554 angulos
1140 1489 1378 1548 habeant,
1407 1497 1639 1554 quattuor
1667 1491 1714 1539 in

38 1571 80 1604 20
107 1562 342 1627 quadram
373 1562 516 1625 positi
541 1563 590 1609 in
629 1576 826 1610 omnem
862 1569 1052 1624 partem
1080 1561 1224 1610 binos
1259 1560 1466 1617 habent,
1497 1563 1715 1626 quinque

105 1634 175 1682 sic
203 1631 494 1694 colligantur
520 1638 574 1680 ut
599 1633 649 1679 in
676 1631 832 1681 altero
859 1631 1013 1681 latere
1040 1632 1162 1688 duo,
1192 1633 1239 1680 in
1269 1630 1424 1681 altero
1462 1641 1565 1681 tres
1592 1633 1711 1680 sint:

103 1717 187 1752 sex
229 1701 330 1768 [ut]
360 1701 753 1768 quadrangulum
794 1703 978 1751 faciunt
1004 1703 1133 1767 quod
1173 1704 1219 1751 iu
1250 1701 1444 1751 duobus
1478 1701 1714 1752 lateribus

102 1772 304 1839 <binoS‚
342 1774 390 1821 in
417 1773 613 1822 duobus
648 1779 815 1821 ternos
851 1772 1024 1828 habet,
1063 1781 1112 1822 at
1137 1774 1180 1823 si
1206 1779 1437 1836 quattuor
1463 1781 1714 1837 ponuntur

104 1851 153 1893 et
180 1844 451 1893 crassitudo
489 1844 647 1892 oritur
674 1850 721 1892 et
747 1844 881 1907 paria
909 1844 1072 1893 omnia
1098 1842 1253 1893 latera
1288 1845 1335 1893 in
1364 1843 1615 1907 planitiem
1644 1850 1713 1892 at-

36 1925 79 1957 25
104 1928 200 1978 que
227 1913 530 1964 altitudinem
569 1920 706 1970 sunt,
746 1913 873 1963 binis
907 1916 955 1963 in
994 1929 1189 1963 omnem
1230 1921 1421 1979 partem
1461 1915 1711 1963 ordinatis,

31 1992 34 1994 ’
102 1984 287 2034 similes
323 1991 486 2034 autem
514 1983 646 2048 plani
682 1987 875 2035 numeri
911 1992 1048 2041 sunt,
1087 2000 1297 2050 quorum
1325 1984 1477 2035 latera
1505 1986 1710 2035 eandem
1745 1987 1830 2034 756

102 2056 342 2105 rationem
368 2054 552 2104 habent
579 2062 631 2104 ut
656 2071 739 2105 sex
769 2062 816 2106 et
841 2061 1094 2112 sexcenta,
1123 2071 1235 2105 cum
1261 2055 1359 2105 illis
1385 2057 1434 2104 in
1462 2056 1616 2106 altero
1643 2056 1711 2105 la-

102 2132 208 2175 tere
235 2126 331 2175 duo
363 2132 411 2176 et
436 2127 485 2175 in
513 2125 668 2176 altero
695 2127 814 2183 tria,
851 2127 928 2176 his
954 2127 1003 2175 in
1031 2126 1185 2176 altero
1213 2127 1451 2184 ducenta,
1481 2129 1529 2177 in
1558 2127 1712 2177 altero

101 2195 255 2246 latere
291 2203 509 2246 trecenta
547 2198 658 2246 sint.
735 2197 1009 2261 eodemque
1054 2198 1202 2247 modo
1247 2196 1431 2248 similes
1476 2200 1622 2248 etiam
1661 2200 1711 2247 in

36 2275 79 2308 80
102 2267 425 2317 crassitudine
480 2268 675 2317 numeri
723 2267 900 2334 sunt,>
946 2283 1157 2332 quorum
1203 2268 1357 2318 latera
1401 2269 1493 2318 sub
1540 2269 1710 2318 eadem

5 2349 10 2354 ·
101 2339 290 2387 ratione
317 2345 430 2386 sunt
456 2345 508 2387 ut
535 2339 710 2401 uiginti
736 2345 968 2404 quattuor
995 2345 1043 2389 et
1069 2340 1333 2403 nonaginta
1363 2354 1464 2389 sex,
1519 2354 1629 2388 nam
1659 2345 1714 2388 ut

99 2407 147 2456 in
175 2406 269 2457 illis
296 2406 501 2457 alterum
528 2407 655 2458 latus
681 2415 929 2474 quattuor,
957 2408 1167 2459 alterum
1196 2416 1296 2459 tres
1333 2409 1505 2467 habet,
1536 2426 1632 2475 quo
1660 2409 1715 2458 fit

213 2618 239 2659 5
268 2620 468 2659 numeris
499 2619 522 2658 b
562 2630 748 2660 numero
779 2618 860 2659 BR
908 2616 926 2673 ΙΙ
976 2621 1000 2660 7
1038 2621 1098 2661 ad
1126 2620 1388 2673 triangulae
1419 2622 1521 2663 add.
1544 2619 1566 2661 l
1596 2633 1710 2673 quaa

99 2672 326 2727 dranglae
358 2675 381 2715 b
430 2673 447 2727 ΙΙ
493 2676 519 2715 8
550 2675 626 2716 uel
658 2688 773 2728 quae
805 2689 830 2715 r
868 2672 886 2730 ΙΙ
927 2677 978 2715 12
1010 2677 1058 2716 in
1088 2678 1190 2716 add.
1215 2677 1386 2718 Grotius
1425 2674 1443 2731 ΙΙ
1485 2678 1537 2717 14
1566 2678 1710 2718 trian⁴

101 2728 227 2782 glum
257 2743 333 2772 om.
357 2730 458 2772 B¹R
496 2728 516 2785 [l
557 2733 607 2772 16
632 2733 832 2784 quinque
853 2746 882 2784 p
913 2733 977 2773 VI
999 2732 1080 2773 BR
1118 2728 1140 2787 ss
1175 2735 1231 2774 20
1261 2746 1424 2774 onnem
1445 2733 1488 2773 B
1526 2731 1544 2787 ΙΙ
1583 2736 1637 2775 22
1660 2740 1713 2774 ut

100 2787 183 2826 del.
204 2799 233 2836 p
270 2784 292 2841 fl
331 2787 713 2841 quadriangulum
734 2787 792 2827 B¹
833 2787 852 2842 ΙΙ
891 2790 947 2830 23
977 2788 1153 2829 habent
1174 2802 1229 2829 ac
1253 2790 1291 2829 D
1326 2787 1344 2843 ΙΙ
1383 2792 1438 2831 24
1469 2791 1590 2832 omia
1611 2792 1651 2831 D

98 2842 153 2882 26
183 2840 296 2882 fiunt
325 2851 423 2885 ante
454 2845 628 2887 similes
661 2846 760 2886 add.
785 2845 807 2885 ὀ
847 2843 866 2899 Η
905 2844 1078 2886 similes
1108 2846 1130 2885 b
1163 2846 1326 2887 similis
1348 2846 1389 2885 B
1420 2847 1569 2889 simile
1592 2848 1632 2888 D
