1982 3230
332 135 440 189 254
813 133 1112 184 MARTIANI
1141 133 1462 176 CAPELLAE

337 278 660 340 conspiceret,
688 274 866 324 lineam
893 275 941 323 in
970 274 1122 324 abaco
1147 282 1332 325 rectam
1361 276 1546 326 ducens
1581 278 1654 327 sic
1681 278 1747 327 ait
1772 282 1937 343 ‘quem

335 347 397 396 ad
426 346 624 394 modum
653 351 812 409 potest
838 360 986 409 super
1020 345 1185 394 datam
1213 346 1449 395 directam
1477 348 1788 397 terminatam
1813 347 1935 399 line-

335 432 414 465 am
443 417 691 478 trigonum
719 415 1073 479 aequilaterum
1101 417 1376 465 constitui?'
1403 433 1500 482 quo
1528 417 1658 466 dicto
1686 433 1800 468 cum
1825 418 1934 483 plu-

330 502 414 536 res
439 486 744 550 philosophi,
784 487 866 550 qui
894 485 1253 550 undiquesecus
1289 488 1558 552 constipato
1597 488 1792 552 agmine
1818 503 1936 550 con-

330 556 590 612 sistebant,
629 558 844 620 primum
879 555 1092 606 Euclidis
1130 557 1383 606 theorema
1419 559 1635 607 formare
1673 574 1781 608 eam
1806 558 1935 609 uelle
1977 572 1982 603 ε

332 633 714 691 cognoscerent,
763 627 1019 676 confestim
1059 626 1337 676 adclamare
1373 627 1562 676 Euclidi
1599 628 1934 694 plaudereque

332 703 620 762 coeperunt.
696 699 836 746 cuius
872 696 1097 746 laudibus
1137 698 1279 746 etiam
1318 699 1418 760 ipsa
1456 697 1734 747 Geometria
1778 697 1931 762 pluri-

334 783 469 818 mum
497 766 752 831 gratulata,
782 784 834 817 se
862 783 951 831 per
977 769 1209 816 sectantis
1237 767 1440 830 gloriam
1469 767 1725 817 sublimari
1750 783 1933 832 proue-

328 838 477 902 hique
505 851 808 900 cognoscens
836 837 895 886 ab
915 838 1104 894 eodem,
1131 836 1284 886 libros
1312 839 1431 894 eiuS,
1461 854 1583 902 quos
1610 853 1725 888 casu
1751 853 1933 903 appor-

328 909 422 956 tari
450 915 788 971 conspexerat,
818 907 991 956 festina
1020 908 1273 971 corripuit,
1303 913 1448 972 atque
1475 910 1521 956 in
1551 915 1743 958 ceterae
1770 914 1929 957 astru-

329 978 505 1026 ctionis
528 978 879 1042 doctrinaeque
901 978 1251 1026 documentum
1272 978 1375 1026 Ioui
1402 993 1458 1027 ac
1483 979 1674 1028 senatui
1701 977 1931 1028 caelitum

328 1048 540 1098 offerens
575 1050 832 1098 intimauit.
910 1062 1006 1110 quo
1035 1048 1159 1096 facto
1188 1053 1235 1097 et
1261 1048 1537 1096 doctissima
1565 1054 1854 1097 cunctarum
1882 1054 1931 1097 et

326 1118 676 1183 benignissima
705 1117 1072 1182 comprobatur.

878 1525 911 1590 <
955 1522 1217 1583 LIBER
1259 1521 1386 1583 VII

706 1698 832 1764 DE
886 1695 1534 1766 ARITHMETICA

202 1907 285 1947 725

161 1964 252 2006 235
266 1963 302 2004 G
459 1930 722 1994 Postquam
752 1932 986 1980 conticuit
1013 1931 1228 1994 prudens
1253 1930 1532 1994 permensio
1561 1934 1735 1985 terrae,

458 2000 648 2049 lnnnba
676 2000 899 2051 sollertes
927 2016 1094 2050 curam
1124 2016 1248 2066 quae
1276 2002 1471 2059 instigat
1497 2001 1543 2051 in
1570 2006 1714 2053 artes,

460 2073 528 2119 sic
556 2070 762 2119 abacum
791 2077 1013 2135 perstare
1042 2071 1194 2127 iubet,
1224 2073 1294 2120 sic
1322 2071 1537 2134 tegmine
1564 2068 1737 2133 glauco

457 2141 674 2203 pandere
699 2139 992 2204 puluereum
1018 2141 1291 2190 formarum
1319 2140 1545 2189 ductibus
1574 2153 1773 2204 aequor.

457 2205 606 2260 altera
635 2217 752 2259 tunc
781 2212 925 2260 etiam
953 2210 1234 2274 gerularum
1263 2211 1423 2259 accire
1449 2209 1646 2258 iubetur

456 2295 739 2344 germanam
769 2281 940 2330 doctae
967 2281 1204 2330 mundum
1235 2295 1358 2344 quae
1385 2279 1614 2328 admensa
1643 2278 1840 2328 sororis·

425 2424 449 2461 2
483 2435 622 2475 supra
652 2422 676 2462 b
726 2418 744 2476 ΙΙ
792 2422 818 2462 5
851 2420 1038 2461 eoclidis
1068 2419 1167 2461 B¹R
1215 2417 1234 2475 ΙΙ
1282 2422 1307 2461 6
1339 2419 1477 2460 oclidi
1503 2418 1585 2458 BR
1617 2418 1784 2459 eoclidi
1813 2418 1838 2458 b

311 2479 337 2519 8
384 2478 533 2530 gloria.
562 2479 586 2518 b
723 2478 971 2532 proueique
1002 2476 1045 2516 B
1107 2474 1124 2530 ΙΙ
1188 2479 1213 2518 9
1259 2480 1504 2529 apportare
1534 2473 1615 2514 BR
1652 2487 1764 2515 corr.
1796 2487 1827 2526 p

313 2537 365 2575 10
395 2536 515 2575 inter
545 2535 595 2575 br
711 2534 1032 2574 assu-notionis
1061 2531 1104 2571 B
1150 2530 1170 2586 {l
1221 2535 1270 2573 11
1303 2532 1398 2571 ioui
1428 2532 1450 2572 b
1491 2531 1566 2571 obi
1595 2529 1638 2569 B
1666 2530 1762 2570 iobi
1789 2529 1829 2570 R

309 2591 588 2643 subscriptum
616 2589 916 2631 MARTIANI
948 2590 1170 2631 MINNEI
1202 2586 1439 2640 (MINNEI
1458 2586 1517 2639 B)
1550 2585 1791 2626 FELICIS
1815 2584 1913 2627 CA—

310 2645 548 2687 PELLAE
580 2646 860 2688 AFRICANI
892 2644 1428 2686 CARTHAGINIENSIS
1450 2644 1531 2683 DE
1557 2641 1915 2685 GEOMETRIA

312 2699 728 2753 (GEOMETRICA
747 2703 807 2753 B)
840 2702 1025 2742 LIBER
1045 2704 1110 2745 VI
1140 2699 1430 2741 EXPLICIT
1460 2698 1504 2739 in
1523 2697 1603 2737 BR
1629 2694 1649 2751 Η
1677 2697 1731 2737 14
1759 2700 1912 2741 inscri-

305 2764 422 2809 ptum
459 2759 691 2800 INCIPIT
722 2760 802 2800 DE
835 2757 1258 2799 ARITHMETICA
1299 2752 1783 2808 (ARITMETICAB1)
1823 2756 1912 2798 LI-

309 2814 435 2908 BEII}
452 2815 539 2924 VIII
563 2814 941 2867 (SEPTIMVSD)
961 2817 1002 2855 in
1021 2814 1104 2854 BD
1128 2811 1455 2855 FELICITER
1476 2810 1573 2851 add.
1596 2809 1638 2848 B
1659 2808 1677 2865 Η
1707 2810 1759 2850 18
1782 2811 1910 2854 elau-

311 2880 363 2909 co
441 2870 451 2896 ¹
1041 2869 1046 2871 '

1953 921 1982 952 1(

1941 1706 1982 1740 15
