1982 3230
282 119 389 172 268
766 118 1066 161 MARTIANI
1089 114 1412 160 CAPELL'AE

288 262 609 326 quadraginta
640 266 751 309 octo
778 261 1010 310 nimirum
1038 259 1114 309 bis
1139 260 1340 310 uicenos
1366 267 1652 326 quaternos,
1678 261 1792 314 inde
1817 262 1895 313 his

289 332 567 386 duodenos,
607 330 783 381 deinde
809 330 886 380 bis
911 345 1055 380 senos
1082 345 1253 380 omnes
1289 331 1449 381 adhuc
1474 332 1622 397 pares
1659 333 1891 391 efficiunt,

113 407 151 443 J·
289 402 556 450 nouissime
593 403 641 450 in
668 410 833 451 ternos
858 402 1075 466 impares
1101 400 1346 452 decidunt.
1422 404 1586 468 itaque
1612 418 1758 455 nemo
1785 403 1892 453 lon·

287 473 394 534 gius
421 472 693 535 procedere
717 471 862 520 simili
887 470 1289 537 multiplicatione
1315 477 1488 536 potest,
1517 474 1714 538 quinat
1737 473 1893 538 dupli-

287 543 480 591 catione
515 542 737 591 reuoluta
775 542 1025 592 scanderit
1071 543 1140 591 sic
1175 557 1264 606 per
1299 543 1646 606 replicationes
1687 545 1806 594 item
1841 544 1891 594 in
1934 556 1959 589 5

286 611 455 676 plures
482 619 648 676 partes
675 613 930 676 digeritur.
1007 628 1120 662 nam
1146 611 1356 678 uiginti>
1382 620 1429 663 et
1454 613 1529 663 bis
1554 614 1680 664 dena
1706 620 1822 665 sunt
1846 620 1894 664 et

287 684 549 748 quinquies
575 690 811 747 quaterna
841 689 888 733 et
913 683 1077 733 decies
1102 682 1213 732 bina
1243 689 1291 732 et
1316 690 1490 749 quater
1517 686 1679 753 quina.

172 770 256 810 750
430 754 681 812 Quattuor
706 754 883 804 deinde
918 755 1108 818 species
1146 768 1317 803 omnes
1353 769 1587 804 numeros
1624 755 1889 819 excipiunt.

287 823 484 888 quidam
534 825 663 873 enim
701 831 815 873 sunt
858 839 948 889 per
991 839 1044 873 se
1088 825 1421 888 incompositi,
1472 826 1668 889 quidam
1708 841 1799 890 per
1839 840 1893 874 se

287 895 570 958 compositi,
599 895 795 959 quidam
824 896 952 944 inter
979 910 1031 944 se
1066 895 1402 959 incompositi,
1443 896 1639 960 quidam
1674 897 1805 944 inter
1840 911 1892 945 se
1915 909 1959 941 ιο

287 966 571 1028 compositi:
616 981 675 1014 ex
703 965 882 1029 quibus
907 965 1003 1014 duo
1038 966 1231 1028 priores
1259 966 1402 1028 primi
1437 967 1656 1022 numeri,
1695 966 1791 1015 duo
1817 980 1893 1015 se-

287 1042 494 1098 quentes
531 1036 733 1085 secundi
770 1036 1102 1084 nominantur.
1166 1035 1251 1083 sed
1280 1050 1333 1083 ea
1361 1050 1442 1084 res
1468 1051 1566 1100 quo
1593 1034 1783 1085 facilius
1808 1036 1892 1086 ad-

287 1106 408 1154 disci
428 1107 598 1170 possit,
628 1105 822 1170 planius
849 1105 1107 1155 indicanda
1130 1110 1216 1154 est.
1256 1106 1413 1169 prima
1442 1113 1491 1154 et
1510 1106 1708 1155 minima
1735 1107 1894 1155 omnis

287 1178 481 1225 numeri
526 1191 758 1225 mensura
795 1175 1106 1239 singularitas
1147 1181 1245 1231 est,
1294 1177 1405 1239 quia
1451 1175 1614 1226 nullus
1658 1191 1895 1226 numerus

286 1261 387 1295 non
421 1247 470 1295 in
507 1246 696 1310 singula
734 1247 886 1296 diuidi
933 1252 1111 1310 potest.
1189 1245 1366 1295 deinde
1412 1261 1523 1295 eum
1578 1247 1723 1296 etiam
1768 1245 1894 1295 aliae
1918 1260 1960 1292 15

286 1332 546 1366 mensurae
582 1318 827 1381 excipiunt
862 1322 916 1365 ut
943 1315 1296 1380 duplicationes
1323 1332 1449 1380 quae
1476 1316 1650 1380 duplo,
1680 1315 1894 1381 triplica-

288 1389 442 1436 tiones
470 1402 594 1451 quae
621 1387 767 1450 triplo
794 1389 1094 1436 increscunt.
1146 1401 1256 1435 cum
1283 1387 1379 1436 hoc
1405 1388 1468 1436 ita
1496 1389 1573 1443 sit,
1603 1387 1891 1451 quibusdam

286 1459 505 1507 numeris
531 1459 582 1505 in
609 1457 946 1520 singularitate
974 1456 1076 1505 sola
1104 1471 1331 1505 mensura
1364 1463 1462 1514 est,
1491 1458 1574 1522 qui
1599 1458 1691 1506 nisi
1715 1459 1767 1506 in
1792 1458 1891 1506 sin-

286 1526 399 1590 gula
428 1527 583 1591 digeri
613 1543 710 1575 non
739 1534 943 1592 possunt
970 1526 1139 1591 quales
1165 1532 1280 1576 sunt
1306 1534 1420 1576 treS.
1479 1527 1675 1589 quidam
1704 1532 1890 1576 tantum

286 1599 336 1646 in
364 1612 523 1661 pares,
554 1598 751 1662 quidam
781 1600 829 1646 in
857 1599 1055 1661 inpares
1082 1603 1135 1646 ut
1160 1602 1272 1645 sunt
1297 1597 1384 1645 1111
1412 1603 1461 1646 et
1486 1597 1638 1646 V1111:
1678 1612 1790 1645 nam
1816 1596 1892 1646 bis
1916 1611 1960 1644 20

290 1667 406 1717 bina
434 1668 537 1724 1111,
569 1675 642 1717 ter
663 1675 801 1718 terna
827 1682 1008 1717 nouem
1036 1672 1173 1717 sunt:
1202 1668 1266 1715 ita
1293 1666 1373 1716 illa
1401 1667 1744 1732 duplicatione,
1771 1666 1895 1716 haec

286 1737 613 1803 triplicatione
659 1739 905 1788 metimur.
976 1753 1032 1787 ac
1067 1752 1214 1802 saepe
1254 1752 1354 1786 non
1400 1753 1495 1786 una
1542 1737 1738 1802 quidem
1783 1736 1894 1786 talis

287 1823 517 1858 mensura
544 1824 752 1858 numero
781 1815 854 1858 est
877 1809 962 1857 sed
990 1808 1180 1873 plures,
1218 1808 1259 1856 si
1286 1807 1483 1871 quidem
1511 1814 1621 1856 octo
1657 1808 1822 1857 metiri
1847 1814 1895 1856 et

288 1879 746 1944 quadruplicatione
784 1886 832 1928 et
859 1879 1188 1943 duplicatione
1228 1878 1367 1927 facile
1396 1886 1468 1928 est
1507 1893 1619 1927 cum
1647 1884 1695 1928 et
1720 1883 1894 1943 quater

287 1950 401 1998 bina
429 1957 476 1998 et
502 1950 577 1998 bis
604 1957 840 2014 quaterna
868 1956 979 1999 octo
1017 1951 1135 2005 sint,
1172 1950 1388 2013 itemque
1429 1949 1629 1998 euidens
1657 1955 1729 1998 est
1754 1949 1892 2012 quic·
1915 1960 1963 1994 25

133 2027 268 2068 2476?
290 2020 404 2084 quid
433 2019 595 2084 aliqua
624 2019 1027 2084 multiplicatione
1063 2021 1294 2068 metimur
1321 2020 1482 2068 metiri
1509 2033 1598 2067 nos
1625 2019 1768 2068 etiam
1794 2020 1893 2067 sin-

286 2089 542 2153 gularitate
563 2105 722 2153 posse,
753 2091 838 2139 sed
860 2105 958 2138 non
980 2089 1262 2152 ubicunque
1291 2089 1637 2152 singularitatis
1663 2103 1890 2138 mensura

402 2260 423 2297 1
456 2258 652 2298 XLVIII
672 2258 714 2298 B
743 2254 762 2311 Η
802 2258 850 2297 ni
870 2258 984 2297 miro
1005 2257 1076 2296 uis
1099 2254 1156 2296 B¹
1194 2253 1212 2309 ΙΙ
1252 2256 1417 2296 deinde
1439 2257 1480 2295 D
1512 2256 1616 2296 inde
1637 2258 1681 2296 in
1701 2270 1789 2298 ras.
1813 2256 1836 2297 b
1857 2253 1876 2308 ΙΙ

286 2316 309 2353 2
342 2315 415 2354 bis
446 2317 489 2355 in
521 2328 610 2356 ras.
639 2313 682 2353 B
715 2327 790 2355 om.
815 2315 855 2353 D
904 2311 923 2367 Η
971 2316 996 2354 3
1039 2313 1238 2364 impares
1269 2316 1424 2352 ternos
1446 2313 1485 2351 D
1535 2309 1554 2366 ΙΙ
1602 2314 1628 2352 5
1659 2312 1895 2352 scanderit

284 2372 444 2423 scripsi
482 2370 799 2421 (adscenditur
825 2368 873 2422 p)
916 2374 1076 2422 scapet
1104 2370 1144 2408 D
1190 2369 1407 2409 *seabeu
1433 2368 1475 2407 B
1513 2368 1533 2408 1
1561 2367 1630 2408 u&
1660 2369 1760 2411 add.
1793 2368 1816 2408 b
1855 2365 1875 2421 ΙΙ

287 2427 312 2466 6
343 2427 566 2479 digeritur
588 2428 611 2467 b
643 2427 855 2479 dirigitur
875 2425 917 2465 B
948 2426 1184 2479 degeritur
1205 2426 1245 2465 D
1285 2422 1303 2479 ΙΙ
1341 2425 1425 2464 XX
1446 2424 1488 2463 B
1528 2421 1546 2478 Η
1596 2426 1619 2465 7
1653 2424 1896 2477 quinquies

286 2484 327 2522 D
359 2484 559 2536 quinque
581 2483 662 2523 BR
701 2479 719 2536 ΙΙ
758 2483 869 2523 bina.
890 2482 954 2523 bR
983 2495 1075 2522 una
1099 2481 1162 2527 B;
1193 2483 1344 2522 deinde
1375 2486 1420 2521 et
1441 2493 1518 2521 om.
1541 2479 1661 2521 B¹R¹
1700 2478 1719 2534 Η
1759 2483 1891 2533 quat-

285 2542 390 2580 tuor
419 2539 501 2580 BR
531 2553 646 2582 corr.
686 2539 804 2579 anc.
868 2535 887 2592 Ι]
950 2539 1091 2591 quina
1122 2550 1198 2579 om.
1231 2536 1331 2578 B¹R
1393 2534 1412 2591 Η
1474 2537 1500 2576 8
1548 2539 1760 2589 quattuor
1789 2537 1895 2576 add.

385 2591 407 2649 ss
465 2608 622 2636 omnes
662 2608 745 2642 om.
786 2592 887 2635 B¹R
968 2591 987 2648 [l
1065 2594 1357 2647 excipiuntur
1401 2591 1501 2633 B¹R
1562 2591 1612 2632 al
1656 2591 1897 2644 excipiunt.

285 2653 386 2693 add.
410 2665 434 2691 r
472 2649 492 2706 Η
534 2653 586 2693 10
618 2651 799 2704 quidam
830 2651 951 2691 inter
982 2651 1124 2701 (intra
1145 2651 1186 2702 r)
1219 2664 1269 2691 se
1302 2649 1547 2702 compositi
1577 2649 1677 2690 add.
1700 2647 1749 2687 rb
1769 2649 1849 2688 sed
1867 2647 1898 2687 b

285 2709 414 2748 tertio
445 2711 535 2749 loco
590 2705 609 2761 Η
669 2709 720 2747 12
761 2707 909 2747 adisci
938 2706 962 2746 b
1002 2706 1125 2746 adici
1155 2720 1179 2746 r
1228 2704 1246 2760 Η
1297 2707 1348 2746 19
1381 2704 1564 2758 quidam
1591 2717 1668 2746 om.
1691 2702 1809 2744 B¹R¹

286 2765 341 2804 20
374 2764 558 2815 quidam
580 2766 627 2803 in
658 2764 755 2815 (om.
778 2762 822 2816 r)
853 2764 1053 2815 impares
1085 2776 1160 2803 om.
1184 2760 1300 2802 B¹R¹
1342 2758 1360 2815 ΙΙ
1399 2763 1453 2802 23
1487 2763 1556 2800 est
1577 2761 1616 2799 D
1636 2771 1712 2801 om.
1735 2758 1818 2800 BR

284 2819 340 2857 25
377 2820 578 2873 itemque
611 2821 651 2859 D
701 2820 789 2860 iter
828 2819 965 2870 (inter
1000 2819 1045 2870 b)
1097 2831 1214 2871 quae
1253 2818 1359 2870 (que
1387 2818 1445 2870 R)
1477 2816 1557 2856 BR
1625 2812 1645 2869 [Ι
1706 2817 1759 2856 27
1810 2815 1895 2856 sed

282 2885 361 2914 om.
383 2874 443 2912 Β1
483 2873 503 2929 ῃ
1015 2891 1019 2893 >
