1982 3230
5 107 91 178 „J‘
230 109 258 141 .·
773 119 960 160 LIBER
990 119 1100 159 V111
1628 114 1743 167 329

11 198 53 227 (t

15 257 43 289 ·’
122 261 403 327 prehendit,
431 260 692 326 aliquando
719 261 1046 325 superfertur,
1076 274 1174 309 non
1202 274 1469 324 numquam
1496 257 1731 315 subiacet,

126 334 307 397 quippe
334 346 460 395 quae
495 346 595 380 non
636 333 777 380 annis
814 330 1044 379 omnihus
1083 337 1286 380 reuocet
1323 331 1541 380 cursum.
1615 335 1734 379 tunc
1765 338 1852 379 883

126 404 270 452 etiam
294 417 405 452 cum
432 400 806 465 retrograditur,
837 400 963 450 ultra
991 402 1106 450 anni
1135 400 1373 450 circulum
1401 399 1589 449 tardior
1616 413 1733 448 con·

126 472 303 523 lustrat
326 471 526 527 orbem,
556 487 666 520 cum
694 480 857 520 autem
884 471 1072 520 directo
1101 486 1249 521 cursu
1284 477 1440 527 meat,
1470 471 1614 519 etiam
1641 484 1735 519 un-

80 557 103 589 5
128 542 318 592 decimo
363 556 532 591 mense
572 541 811 591 circulum
850 540 1077 604 complet.
1164 556 1295 590 nunc
1341 540 1525 590 faciens
1568 546 1733 589 ortum

125 613 419 662 matutinum
461 612 682 668 Lucifer,
730 626 860 660 nunc
898 619 1009 676 post
1054 626 1282 661 occasum
1322 610 1448 660 Solis
1494 609 1735 674 effulgens

123 681 309 746 Vesper
345 682 425 731 uel
453 682 737 747 Vesperugo
772 684 1071 730 nominatur.
1148 681 1249 731 sola
1276 681 1337 730 de
1364 683 1580 745 quinque
1607 680 1732 729 side-

123 752 260 802 ribus
287 753 512 802 umbram
541 752 704 802 reddit
731 758 781 802 ut
807 752 962 808 Luna,
987 752 1189 816 solaque
1215 751 1396 815 fulgori
1415 751 1542 801 Solis
1573 767 1733 800 emer-

125 825 282 887 gentis
309 824 390 872 diu
418 831 678 887 conspecta
709 837 808 871 non
837 822 979 871 cedit.
1035 838 1161 886 quae
1190 823 1388 886 quidem
1416 824 1465 871 in
1493 828 1605 871 ortu
1632 837 1734 871 ma-

60 907 103 939 10
125 895 280 942 tutiuo
303 893 594 957 plerumque
615 899 847 956 quattuor
868 893 1119 942 mensibus
1139 894 1428 950 inmoratur,
1457 894 1507 941 in
1531 907 1735 956 uesper-

58 992 63 997 ·
122 965 226 1012 tino
253 979 374 1014 uero
403 979 670 1028 numquam
701 964 810 1028 plus
839 965 1012 1027 uiginti
1039 963 1227 1013 diebus,
1273 979 1447 1013 uerum
1476 969 1574 1011 tam
1602 964 1736 1012 uisus

19 1038 21 1045 '
126 1035 230 1083 eius
268 1050 414 1099 quam
452 1034 803 1083 occultationes
829 1034 1039 1099 <decem
1069 1041 1117 1083 et
1144 1049 1324 1084 nouem
1364 1033 1618 1084 mensibus
1653 1048 1735 1082 re-

124 1111 423 1154 staurantur.
1767 1142 1853 1183 884
1910 1137 1918 1146 .

266 1174 366 1224 lam
404 1175 575 1240 Pyrois
613 1177 717 1225 siue
751 1176 979 1224 Martium
1023 1175 1159 1224 sidus
1197 1175 1325 1224 ultra
1363 1174 1528 1224 Solem
1565 1189 1736 1223 means
1758 1197 1895 1240 2996

61 1258 103 1289 15
127 1247 383 1310 proprium
425 1247 569 1294 etiam
614 1247 719 1310 ipse
768 1244 1005 1295 circulum
1051 1245 1240 1294 telluris
1289 1252 1556 1295 eccentron
1602 1251 1732 1294 meat

126 1318 266 1365 annis
299 1331 456 1380 prope
493 1315 711 1372 duobuS,
759 1317 807 1364 in
844 1314 1150 1364 latitudinem
1187 1317 1403 1380 quinque
1446 1322 1611 1378 partes
1648 1331 1731 1364 ex-

122 1387 294 1435 currit.
371 1387 449 1435 cui
474 1385 587 1435 licet
624 1401 735 1435 cum
765 1385 956 1435 duobus
991 1387 1314 1450 superpositis
1351 1390 1490 1435 ortus
1527 1400 1732 1434 occasus
1770 1381 1773 1384 ’

127 1457 459 1520 stationesque
487 1472 543 1505 ac
568 1456 755 1505 reditus
791 1456 1054 1506 uideantur
1082 1471 1189 1506 esse
1217 1471 1531 1512 communes,
1568 1463 1732 1505 tamen

125 1534 173 1576 et
199 1525 502 1576 altitudinem
531 1525 820 1592 propriam>
842 1533 890 1576 et
916 1529 1173 1576 stationem
1201 1529 1410 1591 primam
1438 1534 1486 1576 et
1512 1526 1733 1575 absidem

16 1623 21 1634 2
60 1608 105 1642 20
128 1612 268 1646 suam
305 1604 559 1660 exceptam
598 1599 775 1646 ceteris
810 1599 962 1646 nouit.
1040 1612 1155 1647 nam
1184 1599 1288 1646 eius
1315 1597 1544 1653 altitud0,
1581 1597 1630 1646 id
1658 1603 1734 1646 est

128 1667 212 1715 ubi
239 1683 292 1716 se
319 1668 422 1716 eius
460 1666 673 1716 circulus
701 1667 842 1716 altius
879 1683 905 1717 a
932 1673 1066 1717 terra
1092 1666 1243 1725 tollit,
1283 1667 1373 1716 sub
1402 1669 1529 1730 signi
1555 1667 1734 1717 Leonis

126 1739 331 1800 regione
359 1739 639 1800 consurgit;
668 1738 809 1787 statio
836 1753 958 1786 uero
986 1737 1209 1802 specialis
1237 1739 1341 1787 eius
1369 1739 1541 1801 prima.
1618 1752 1732 1786 nam

131 1815 300 1872 utpote
330 1806 429 1856 Soli
465 1810 758 1857 coniunctus
794 1808 854 1857 de
899 1810 1125 1871 proximo
1167 1810 1311 1857 etiam
1350 1809 1397 1857 in
1435 1808 1736 1872 quadratura

127 1880 230 1927 eius
256 1880 443 1942 positus
471 1878 635 1927 radios
662 1880 830 1934 sentit,
870 1880 1051 1943 quippe
1078 1880 1128 1926 in
1164 1880 1480 1942 nonagesima
1510 1886 1650 1941 parte
1678 1893 1738 1927 ex

11 1944 104 2014 &2⁵
127 1956 338 2013 utroque
366 1950 469 1998 eius
507 1948 660 1998 latere
695 1956 990 1998 remoratur.
1067 1948 1286 1998 absidem
1314 1950 1457 1999 etiam
1483 1948 1633 1998 hahet
1657 1964 1736 1998 re-

13 2024 51 2097 {⁵
127 2034 418 2084 cessumque
455 2018 716 2068 sublimem
751 2021 799 2067 in
837 2020 1123 2086 Capricorni
1161 2020 1371 2069 confinio
1406 2019 1501 2068 hoc
1538 2025 1611 2069 est
1645 2018 1736 2068 sub

18 2092 55 2138 ί·-
127 2091 232 2138 eius
258 2091 490 2138 uicesima
519 2104 645 2138 nona
674 2096 828 2153 parte.

16 2186 61 2254 ᾖ,
270 2159 415 2208 Stella
457 2174 577 2209 uero
604 2159 735 2209 Iouis
760 2158 987 2210 salutaris
1014 2160 1074 2210 ad
1110 2161 1271 2210 omnia
1298 2166 1468 2225 utpote
1508 2160 1738 2225 superior
1767 2172 1853 2214 885

17 2283 55 2378 F
239 2318 264 2355 2
297 2328 431 2356 cursu
452 2316 489 2355 R
528 2312 546 2368 Η
586 2318 611 2355 5
642 2319 788 2354 ortum
820 2316 1092 2354 matutinum
1122 2317 1281 2367 scripsi
1308 2319 1456 2355 ortum
1480 2318 1528 2355 at:
1549 2315 1667 2354 utin
1698 2314 1740 2353 B

22 2382 23 2386 ’
128 2376 275 2412 ortum
313 2377 364 2411 ut
400 2372 447 2411 in
487 2371 509 2411 b
561 2375 707 2411 ortum
747 2372 869 2411 ἰΠΙί
926 2367 944 2424 ΙΙ
1002 2373 1028 2410 6
1066 2371 1256 2411 Lucifer
1285 2373 1445 2423 scripsi
1490 2370 1738 2410 luciferum

126 2428 208 2468 ΒΗ
263 2423 283 2480 Η
331 2429 356 2467 8
402 2427 597 2479 fulgoris
631 2426 733 2475 (del.
767 2427 807 2478 s)
840 2426 896 2466 Β]
914 2428 1066 2467 omisso
1107 2426 1216 2467 solis
1281 2424 1299 2481 Η
1365 2429 1413 2466 11
1457 2426 1619 2467 diebus
1656 2426 1739 2467 BR

125 2484 306 2524 duobus
338 2484 361 2522 b
400 2479 418 2536 Ι]
470 2485 520 2522 12
551 2482 729 2523 XVIIII
767 2483 801 2522 D
840 2479 858 2535 [l
901 2484 954 2522 14
983 2482 1076 2521 iam
1106 2484 1263 2534 scripsi
1301 2495 1406 2522 nam
1437 2482 1519 2523 BR
1557 2478 1578 2536 {l
1616 2495 1737 2523 mar·

129 2542 188 2580 tis
212 2539 316 2579 B¹D
357 2536 374 2592 l}
418 2541 469 2579 15
501 2539 557 2578 ad
589 2538 809 2578 circulum
831 2540 930 2580 add.
958 2538 1084 2578 circa
1116 2538 1139 2577 b
1179 2536 1197 2590 Η
1239 2542 1479 2579 eteentron
1499 2539 1541 2578 D
1573 2551 1738 2578 excen-
1771 2576 1775 2577 ⁷

127 2600 231 2636 tron
253 2595 294 2635 B
316 2594 334 2649 ΙΙ
365 2596 415 2635 16
449 2595 650 2646 quinque
671 2594 756 2634 BD
788 2593 1036 2634 secundum
1058 2592 1110 2645 pl
1130 2595 1223 2635 1111
1247 2595 1319 2633 Dm
1348 2591 1367 2649 ΙΙ
1390 2596 1440 2635 17
1463 2594 1619 2634 hortus
1642 2595 1681 2634 D
1702 2591 1721 2648 ΙΙ

130 2653 182 2692 18
215 2664 479 2692 cummunes
512 2651 550 2690 I)
599 2647 617 2703 Η
668 2651 719 2690 19
750 2650 996 2690 stationem
1027 2651 1221 2701 primam
1242 2651 1327 2690 BD
1357 2651 1605 2691 stationem
1635 2663 1738 2703 pro-

128 2709 276 2761 priam
307 2707 331 2748 b
378 2704 400 2762 ss
447 2710 497 2746 21
531 2707 710 2746 tollitur
740 2706 763 2745 b
812 2703 831 2759 Η
879 2707 934 2746 22
974 2712 1071 2745 ante
1104 2709 1201 2747 eius
1232 2708 1335 2748 add.
1368 2710 1437 2748 est
1467 2707 1491 2747 b
1540 2703 1559 2760 Η
1606 2720 1739 2759 super

128 2765 276 2817 prima
307 2765 408 2805 add.
433 2770 473 2804 et
495 2765 575 2803 del.
608 2761 843 2803 Iseeunda
864 2763 888 2803 b
925 2758 947 2816 ss
985 2763 1038 2801 23
1068 2766 1229 2814 utpute
1253 2763 1288 2802 R
1325 2759 1342 2816 Η
1381 2764 1437 2802 24
1467 2764 1740 2815 nongesima

130 2818 188 2859 Β1
227 2817 249 2874 Π
296 2822 350 2861 25
380 2831 708 2871 recensumque
739 2817 840 2859 B¹R
878 2815 897 2874 [Ι
945 2819 998 2858 27
1029 2818 1209 2860 XVIIII
1239 2818 1321 2859 BR
1368 2816 1386 2872 ΙΙ
1436 2821 1490 2861 28
1520 2823 1682 2872 utpote
1714 2820 1739 2860 b

133 2879 214 2916 aut
244 2882 324 2917 tua
356 2876 393 2916 R
432 2880 481 2917 ut
511 2880 589 2916 tua
622 2875 663 2914 B
712 2871 731 2930 [1
781 2887 1075 2929 supernum
1096 2875 1138 2914 B
1176 2876 1382 2928 superior
1413 2875 1436 2914 b
1476 2888 1640 2929 supero
1670 2889 1739 2917 re-
