1982 3230
734 61 918 102 LIBER
948 61 1013 103 VI
1568 58 1677 111 247

62 204 334 269 longitudo.
411 203 687 269 <linearum
736 202 859 252 aliae
895 202 1110 252 directae
1157 207 1271 252 sunt
1307 216 1428 267 quas
1463 199 1672 253 εὐθείας

65 276 200 332 dico,
230 274 352 324 aliae
377 275 426 322 in
454 287 627 338 gyrum
664 272 877 322 reflexae
914 287 1036 336 quas
1072 271 1339 329 κυκλικάε,
1378 287 1474 321 non
1513 271 1674 322 nullas

63 347 211 396 etiam
237 343 566 400 ἑλικοειδεῑε,
605 342 724 392 alias
750 341 1024 405 καμπύλα(
1061 358 1153 408 pro
1181 342 1468 408 obliquitate
1496 342 1674 393 discri-

64 417 212 465 mino.
287 429 413 478 quae
446 418 610 462 tamen
648 412 805 462 lineae
839 415 1034 477 punctis
1076 414 1472 478 utrimquesecus
1515 413 1674 462 inclu-

20 497 43 530 5
68 486 276 542 duntur,
304 485 374 533 sic
407 484 481 532 uti·
512 484 649 547 ipsae
676 498 872 547 quoque
909 484 1222 546 superficiem
1260 484 1672 547 circumcingunt.

66 555 352 620 superficies
379 559 478 610 est,
517 568 643 617 quae
669 552 1027 616 longitudinem
1065 559 1113 602 et
1138 552 1444 603 latitudinem
1482 560 1674 602 tantum

63 625 239 681 habet,
285 623 620 688 profunditate
656 623 926 679 deseritur,
968 630 1022 671 ut
1068 629 1140 672 est
1177 622 1315 671 color
1351 624 1399 671 in
1445 638 1676 686 corpore.

63 695 191 744 h'anc
227 692 545 758 ἑπιφανείαν
584 695 760 744 Graeci
795 694 990 749 dixere,
1029 698 1076 742 et
1111 699 1165 742 ut
1200 693 1301 742 dixi
1338 695 1441 743 eius
1476 695 1677 742 termini

63 765 224 814 lineae
250 772 379 819 sunt,
407 765 511 813 siue
538 763 680 828 plana
709 766 770 811 sit
801 765 905 813 siue
930 765 1144 812 sinuosa.

1704 218 1792 258 '709

0 883 42 916 ιο
206 862 387 912 Planus
414 868 576 911 autem
605 863 657 910 fit
684 862 892 926 angulus
918 862 965 910 in
1003 862 1206 926 planitie
1233 861 1425 911 duabus
1451 861 1594 911 lineis
1622 876 1674 911 se
1693 835 1850 931 272156‘

64 934 112 983 in
140 934 300 982 uicem
335 932 649 995 tangentibus
677 938 724 981 et
751 947 851 982 non
887 947 1036 981 unam
1074 932 1364 982 facientibus
1404 932 1463 981 ad
1492 932 1673 981 alteru-

62 1009 195 1061 trum
222 1002 606 1052 inclinationem.
662 1002 860 1065 quando
887 1009 1050 1051 autem
1079 1018 1235 1067 aeque
1262 1004 1389 1051 intra
1419 1017 1471 1052 se
1497 1009 1673 1052 tenent

64 1072 297 1136 angulum
337 1072 497 1122 lineae
535 1080 583 1122 et
609 1073 824 1122 directae
860 1073 1068 1129 fuerint,
1119 1073 1454 1122 directilineus
1496 1073 1676 1122 dicitur

64 1142 275 1207 angulus
303 1150 350 1193 et
376 1142 565 1192 Graece
593 1141 975 1206 ἐυθύγραμμοε.
1052 1143 1249 1207 quando
1287 1149 1449 1193 autem
1487 1143 1676 1193 directa

1 1231 43 1266 15
65 1228 216 1278 super
243 1213 481 1262 directam
517 1214 795 1278 iacentem>
821 1220 955 1262 stans
982 1213 1157 1263 dextra
1192 1213 1432 1277 laeuaque
1469 1213 1678 1276 angulos

66 1283 294 1348 aequales
328 1283 524 1340 fecerit,
555 1284 771 1332 directus
798 1289 1007 1347 uterque
1037 1292 1110 1332 est
1146 1282 1381 1347 anguluS‚
1412 1290 1459 1332 et
1484 1283 1563 1331 illa
1593 1299 1676 1332 su-

64 1362 292 1417 perstans
340 1352 763 1417 perpendicularis
808 1353 1012 1410 dicitur,
1065 1354 1151 1403 sed
1195 1354 1386 1403 Graece
1435 1351 1676 1404 κάθετος.

65 1422 277 1487 angulus
302 1424 460 1472 maior
487 1423 674 1472 directo
703 1422 906 1472 obtusus
933 1424 1126 1481 dicitur,
1156 1424 1317 1472 minor
1344 1424 1533 1473 directo
1561 1439 1677 1473 acu-

66 1499 161 1543 tus,
203 1494 417 1543 definitio
440 1499 514 1543 est
531 1509 627 1550 reS‚
649 1509 774 1558 quae
792 1493 996 1543 alicuius
1029 1500 1101 1543 est
1129 1496 1382 1545 terminus,
1424 1494 1581 1543 forma
1604 1500 1680 1543 est

0 1584 44 1617 20
64 1579 162 1621 reS,
184 1579 310 1629 quae
334 1579 391 1612 ex
405 1563 568 1626 aliquo
592 1564 670 1613 uel
695 1563 1175 1629 aliquibusterminis
1187 1565 1483 1614 continetur.
1517 1566 1677 1614 circu-

65 1633 142 1683 lus
163 1641 236 1683 est
258 1634 415 1697 figura
438 1633 669 1697 planariS,
695 1649 927 1698 quaeuna
948 1634 1075 1684 linea
1091 1637 1387 1684 continetur.
1412 1634 1675 1684 haeclinea

65 1702 379 1768 περιφέρεια
401 1704 688 1768 appellatur,
711 1705 771 1752 ad
793 1720 938 1768 quam
953 1722 1011 1755 ex
1032 1720 1127 1754 una
1149 1711 1263 1754 nota
1285 1707 1415 1754 intra
1436 1705 1675 1754 circulum

65 1776 223 1838 posita
246 1789 418 1823 omnes
445 1774 658 1823 directae
673 1774 846 1823 ductae
864 1774 1020 1824 lineae
1038 1774 1268 1838 aequales
1280 1781 1411 1825 sunt.
1438 1782 1678 1839 punctum

68 1850 231 1894 autem
259 1849 331 1893 est
357 1843 526 1893 circuli
554 1845 712 1894 media
741 1850 873 1894 nota.
941 1846 1208 1894 diametros
1235 1851 1308 1895 est
1335 1845 1522 1896 directa
1548 1846 1676 1895 linea

0 1934 47 1978 25
71 1913 311 1979 quaedam
338 1929 429 1978 per
456 1921 692 1979 punctum
731 1929 879 1979 supra
908 1916 1089 1964 dictum
1129 1915 1302 1973 ducta,
1339 1932 1465 1980 quae
1501 1916 1678 1966 orbem

69 1983 355 2049 aequalibus
383 1984 605 2048 partibus
631 1985 817 2034 diuidit.
874 1985 1218 2050 hemicyclium
1247 1992 1319 2035 est
1345 1988 1524 2050 figura,
1552 2001 1679 2051 quae

69 2055 307 2104 diametro
335 2061 383 2103 et
418 2055 698 2119 peripheria
725 2055 908 2112 media,
939 2071 1084 2120 quam
1113 2056 1283 2105 eadem
1313 2056 1579 2106 diametros
1607 2056 1678 2104 di-

68 2126 284 2189 stinguit,
314 2127 608 2174 continetur.
663 2125 821 2175 lineae
842 2132 943 2176 tres
970 2126 1184 2175 directae
1212 2127 1409 2177 diuersa
1436 2128 1678 2192 positione

68 2195 252 2244 faciunt
275 2195 541 2257 trigonum,
562 2201 794 2259 quattuor
808 2202 1136 2259 tetragonum,
1160 2196 1341 2247 multae
1361 2197 1679 2262 polygonum.

184 2364 206 2402 1
237 2360 299 2412 Εγ
301 2363 402 2404 ‘rias
423 2364 465 2403 B
497 2364 639 2404 ertias
660 2365 701 2404 J)
750 2362 768 2417 Η
817 2366 842 2404 2
875 2365 1021 2417 girum
1043 2365 1082 2404 D
1131 2362 1150 2418 Η
1201 2364 1405 2416 cyclicas
1427 2365 1469 2405 B
1502 2365 1683 2405 cididas

68 2420 110 2459 D
157 2414 177 2471 Η
226 2420 251 2458 3
284 2418 504 2459 elicoides
534 2420 618 2459 BD
667 2417 686 2473 Η
737 2420 973 2472 campelas
1004 2420 1089 2460 BD
1121 2421 1358 2461 cambelas
1390 2422 1413 2461 b
1454 2418 1473 2475 Η
1520 2421 1680 2461 discri-

69 2475 206 2515 minis
230 2472 288 2513 B¹
326 2471 344 2527 Η
388 2475 415 2514 5
447 2476 569 2515 sicut.
590 2476 656 2515 bD
695 2472 714 2529 Η
762 2478 788 2517 8
821 2489 844 2515 e
848 2475 1117 2529 piphaniam
1139 2477 1224 2516 BD
1263 2474 1282 2531 Η
1322 2479 1347 2518 9
1373 2479 1433 2530 sig]
1437 2490 1538 2517 uras
1569 2491 1681 2516 mar—

64 2532 157 2584 ,qini
186 2532 280 2572 cod.
303 2530 345 2568 B
376 2532 577 2583 deinceps
605 2534 804 2583 appictas
824 2533 944 2572 omisi
990 2529 1009 2586 Η
1057 2530 1205 2573 ΕΥΓΥ
1227 2532 1291 2584 (τι
1312 2534 1371 2583 D)
1398 2491 1685 2573 ΓΡΛΜΜΟΕ

73 2586 159 2626 BD
206 2583 224 2641 Η
275 2587 326 2626 17
360 2590 538 2627 catetos
561 2587 642 2627 BR
695 2584 713 2641 Η
761 2588 812 2627 18
845 2587 1022 2627 directa
1044 2587 1145 2628 B¹R
1191 2585 1210 2641 Η
1260 2591 1312 2629 19
1345 2602 1400 2629 ex
1434 2589 1588 2641 aliquo
1617 2589 1685 2629 th

76 2642 196 2683 alico
218 2643 260 2683 B
289 2639 308 2698 Η
334 2645 389 2684 20
413 2643 534 2683 alico
557 2656 671 2685 corr.
693 2646 736 2683 in
760 2643 989 2695 aliquibus
1010 2643 1053 2684 B
1086 2657 1140 2684 ex
1161 2646 1262 2684 add.
1287 2645 1311 2684 b
1334 2644 1564 2697 aliquibus
1587 2645 1624 2685 R
1656 2642 1665 2698 l

71 2700 125 2738 21
159 2711 213 2739 ex
236 2706 334 2740 ante
365 2712 457 2739 una
478 2701 578 2742 add.
611 2713 635 2738 r
655 2696 674 2753 Η
702 2701 726 2739 2
758 2699 1094 2751 perepiphania
1122 2700 1204 2740 BR
1235 2701 1570 2753 perypiphania
1599 2700 1623 2740 b
1657 2701 1664 2752 Ι

71 2755 128 2794 26
167 2755 457 2807 emieyclium
487 2756 529 2795 B
576 2755 850 2795 emieiclium
882 2756 919 2795 R
975 2752 994 2808 Η
1056 2757 1110 2795 27
1148 2757 1485 2809 perepiphania.
1514 2757 1596 2798 BR
1657 2754 1675 2811 ξ

70 2808 238 2864 media]
272 2812 328 2863 cf.
351 2813 409 2852 ad
429 2826 474 2864 p.
499 2809 675 2865 6139ss
712 2813 765 2851 29
796 2811 1060 2864 poligonum
1090 2811 1173 2852 BR
1221 2809 1240 2865 Η

1707 1650 1794 1691 711
