1982 3230
181 1757 263 1797 557

298 132 398 197 188
772 145 1075 187 MARTIANI
1103 145 1423 188 CAPELLAE

296 287 413 335 ‘non
434 287 583 335 fuisse
607 299 803 334 causam
825 285 1147 348 postulandae
1167 288 1559 350 proscriptionis'
1587 288 1700 339 uide
1720 295 1899 354 quanta

298 357 544 405 contineat
581 355 737 418 ‘quod
773 357 982 418 pecunia
1019 355 1183 405 debita
1219 357 1367 406 Sexto
1395 357 1580 407 Naeuio
1616 374 1716 408 non
1753 358 1900 409 fuerit

298 434 344 474 et
380 425 524 474 aliter
562 426 639 489 agi
676 426 972 490 oportuerit,
1015 426 1145 490 quod
1173 423 1396 482 Quintius
1431 428 1764 478 uadimonium
1797 443 1899 478 non
1975 429 1978 432 ⁴

297 496 589 544 ‹leseruerit'
625 495 894 545 secundum
924 496 1076 558 equod
1111 512 1170 545 ex
1197 497 1356 546 edicto
1394 499 1649 561 possidere
1685 513 1786 549 non
1810 513 1898 563 po-

295 565 460 622 tuerit,
489 565 621 628 quod
649 572 698 614 et
724 572 1098 630 procuratorem
1139 565 1366 616 habuerit
1391 576 1439 616 et
1464 567 1641 618 absens
1667 569 1898 618 defensus
1939 581 1962 614 5

298 637 359 683 sit
396 642 444 684 et
477 650 576 684 non
611 635 874 685 latitauerit
909 642 956 683 et
992 637 1144 685 ceteri
1190 637 1461 686 creditores
1499 640 1654 702 quieti
1691 639 1813 687 sint'
1852 643 1900 687 et

297 705 449 769 ‘quod
485 713 598 755 ante
632 708 837 754 missum
864 707 950 762 sit,
988 713 1043 754 ut
1081 706 1232 755 fundo
1271 708 1518 756 communi
1552 707 1897 772 expelleretur,

298 790 442 838 quam
481 777 774 840 proscriptio
813 777 917 825 eius
951 776 1298 840 imperaretur'
1337 784 1384 826 et
1416 778 1548 842 ‘quia
1585 780 1638 827 ui
1672 778 1734 828 de
1772 777 1898 828 saltu

296 847 356 893 sit
393 846 636 902 deiectus,
678 852 849 895 contra
886 861 1034 910 quam
1080 853 1278 909 praetor
1324 848 1557 897 iusserit'.
1631 848 1709 897 his
1750 848 1899 912 igitur
1965 854 1968 855 ’

295 915 611 964 manifestum
638 922 711 965 est
745 917 871 964 intra
898 917 1211 978 partitionem
1238 918 1549 981 quaestiones
1577 932 1683 968 esse
1709 931 1896 981 ponen-
1921 931 1963 963 ιο

296 985 396 1040 daS,
422 1001 547 1053 quae
567 987 616 1034 in
638 987 951 1035 exsecutione
974 987 1068 1034 sint
1088 985 1406 1049 euulgandae,
1435 994 1490 1035 ut
1512 988 1659 1036 iudex
1681 994 1729 1037 et
1753 986 1898 1036 nobis

295 1051 509 1104 attentus
546 1055 630 1104 fiat
657 1063 704 1105 et
740 1056 1098 1119 promissorum
1136 1057 1277 1118 copia
1315 1071 1414 1105 non
1452 1064 1703 1120 grauetur.
1775 1055 1895 1106 illud

296 1125 443 1174 etiam
479 1125 863 1189 inspiciendum,
905 1141 1027 1188 quae
1063 1125 1204 1174 nobis
1242 1141 1353 1175 cum
1381 1126 1575 1176 diuersa
1613 1133 1754 1190 parte
1780 1139 1898 1176 con-

296 1197 528 1249 ueniant,
561 1211 685 1259 quae
721 1196 768 1243 in
810 1198 1199 1245 controuersiam
1237 1196 1564 1253 deuocentu'r‚
1603 1203 1652 1246 et
1691 1212 1746 1245 ea
1774 1208 1899 1261 quac

297 1266 609 1321 conueniunt,
638 1273 757 1314 tunc
778 1267 1134 1323 enumeranda,
1163 1267 1204 1314 si
1231 1265 1374 1315 nobis
1399 1273 1621 1330 prosunt,
1649 1272 1703 1315 ut
1729 1267 1897 1316 Cicero
1921 1279 1961 1312 15

295 1350 386 1398 pro
412 1335 577 1384 Marco
605 1334 762 1383 Tullio
798 1336 863 1382 ait
889 1335 1143 1385 ‘damnum
1179 1350 1374 1399 passum
1402 1351 1509 1385 esse
1534 1337 1753 1386 Marcum
1779 1334 1897 1385 Tul-

294 1405 413 1453 lium
451 1407 681 1454 conuenit
714 1405 833 1453 mihi
882 1420 994 1454 cum
1039 1406 1337 1454 aduersario.
1413 1407 1464 1454 ui
1500 1405 1785 1455 hominibus
1819 1420 1898 1454 ar-

294 1476 436 1524 matis
462 1490 569 1523 rem
597 1482 782 1537 gestam
810 1489 917 1523 esse
943 1489 1043 1523 non
1069 1475 1365 1523 inficiantur.
1423 1491 1450 1523 a
1477 1475 1660 1524 familia
1684 1475 1738 1524 P.
1760 1473 1899 1524 Fabii

295 1546 603 1594 commissam
639 1559 820 1607 negare
862 1559 962 1593 non
1000 1546 1195 1594 audent.
1271 1546 1367 1593 iam
1404 1545 1517 1593 dolo
1553 1544 1682 1594 malo
1717 1545 1900 1595 factum

295 1615 357 1669 sit
395 1614 695 1677 ambigitur?
753 1614 892 1663 uides
932 1628 1050 1676 ergo
1086 1615 1167 1663 hic
1204 1615 1252 1662 in
1289 1616 1552 1677 partitione
1586 1630 1612 1663 a
1651 1615 1895 1664 concessis
1917 1613 1979 1662 ao⁴

295 1685 492 1734 duxisse
531 1684 662 1748 quod
701 1684 795 1732 sibi
822 1685 1072 1748 proderat.

435 1765 895 1804 ARGVMENTATIO
935 1763 1008 1802 est
1052 1754 1289 1810 elocuti0‚
1332 1769 1426 1819 qua
1465 1761 1752 1818 argumenta
1793 1755 1900 1818 ipsa

293 1824 461 1874 uerbis
500 1825 836 1889 exsequimur,
878 1835 1236 1873 ARGVMENTA
1262 1840 1383 1873 uero
1410 1824 1585 1888 quibus
1611 1839 1756 1873 causa
1781 1838 1900 1888 pro·

293 1895 454 1944 batur.
496 1895 857 1958 argumentatio
885 1894 1116 1943 diuiditur
1141 1896 1190 1942 in
1219 1895 1337 1943 duas
1362 1895 1538 1958 partis:
1565 1895 1614 1942 in
1641 1894 1898 1943 confirma·

410 2065 461 2103 16
492 2063 622 2103 locus
645 2063 836 2102 omissus
861 2065 932 2102 est
953 2062 1000 2101 in
1025 2062 1143 2113 edd.‚
1169 2076 1286 2115 quae
1308 2066 1488 2102 tantum
1509 2062 1685 2102 habent
1706 2061 1897 2102 similem

292 2120 522 2216 {gcgpgigi
560 2133 604 2171 p,
635 2120 732 2170 209,
763 2120 817 2159 25
847 2130 946 2170 sqq.
986 2117 1000 2170 ΙΙ
1039 2120 1092 2159 22
1133 2123 1271 2171 caput
1301 2122 1371 2159 est
1401 2132 1457 2159 ex
1491 2119 1826 2160 Fortunatiano
1853 2117 1899 2157 II

407 2331 429 2367 1
473 2340 616 2368 causa
643 2329 680 2368 R
725 2326 744 2381 ΙΙ
791 2331 816 2369 3
856 2327 1055 2380 quintios
1081 2325 1196 2368 B¹R¹
1246 2325 1265 2381 ll
1312 2330 1340 2367 4
1379 2327 1495 2379 quod
1525 2340 1579 2367 ex
1610 2327 1650 2366 D
1682 2338 1812 2378 quem
1844 2339 1900 2366 ex

291 2384 373 2424 BR
403 2396 523 2436 quae
555 2398 611 2425 ex
641 2386 664 2424 b
696 2387 838 2424 ‘lectio
867 2385 1089 2435 manifesto
1118 2390 1322 2435 corrupta
1339 2383 1445 2434 fort.
1465 2385 1527 2423 sic
1555 2383 1816 2422 emendanda
1835 2387 1902 2422 est

292 2441 463 2480 etenim
484 2441 677 2492 primum
705 2440 822 2479 illud
852 2443 962 2480 ‘non
981 2440 1127 2479 fuisse
1152 2452 1337 2479 causam
1367 2437 1670 2491 postulandae
1702 2437 1900 2490 proscri-

289 2497 487 2548 ptionis'
527 2497 632 2536 uide
673 2499 846 2548 quanta
892 2497 1129 2535 contineat
1156 2525 1166 2536 .
1199 2525 1207 2534 .
1241 2526 1250 2534 .
1284 2494 1619 2546 secundumque
1664 2493 1780 2533 illud
1823 2497 1900 2534 ‘ex

292 2552 443 2592 edicto
474 2552 711 2605 possidere
740 2564 831 2592 non
861 2553 1099 2603 potuisse'‚
1131 2551 1249 2603 quod
1279 2553 1377 2591 ete)
1407 2551 1602 2590 Halmius
1647 2547 1667 2603 Η
1714 2551 1740 2589 6
1771 2548 1900 2600 quin·

289 2609 344 2647 tii
376 2608 399 2647 b
458 2605 476 2662 Η
536 2610 561 2648 8
590 2609 639 2648 ui
669 2608 724 2648 de
756 2608 878 2649 saltu
907 2608 967 2646 sit
995 2608 1201 2647 deiectus
1232 2608 1426 2647 Halmius
1455 2606 1558 2646 uide
1589 2606 1689 2645 uita
1719 2604 1897 2655 (ui**ta,

288 2677 348 2704 ex
377 2664 520 2704 uisita
548 2670 594 2703 ut
613 2665 781 2704 uidetur·
800 2662 859 2715 B)
893 2665 952 2703 sit
983 2664 1159 2703 eiectus
1179 2663 1261 2703 BR
1290 2664 1339 2703 ui
1369 2662 1575 2703 deiectus
1605 2661 1667 2701 sit
1692 2674 1723 2711 p
1753 2660 1811 2710 ef.
1832 2672 1898 2699 or.

283 2734 331 2772 p.
357 2719 494 2768 Quint.
516 2721 540 2769 ξ
565 2722 620 2760 28
641 2727 683 2760 et
705 2722 757 2758 79
797 2717 815 2773 Η
858 2721 908 2759 11
943 2718 1231 2772 euulgandae
1253 2719 1446 2758 Halmius
1475 2714 1792 2768 deuulgandae
1813 2715 1898 2755 BR

288 2775 603 2828 diuulgandae
625 2777 648 2816 b
687 2772 706 2829 ss
748 2778 799 2815 17
830 2775 876 2814 ui
906 2775 974 2814 Br
1004 2779 1055 2813 ut
1074 2775 1138 2815 Rb
1179 2773 1197 2827 [l
1236 2776 1290 2815 20
1321 2787 1428 2827 ergo
1456 2773 1532 2813 hic
1553 2772 1591 2812 R
1622 2784 1728 2824 ergo
1750 2771 1839 2811 hac
1867 2783 1895 2810 r

288 2843 396 2882 ergo
413 2832 513 2939 Hhoc
543 2831 586 2872 B
642 2829 661 2884 Η
717 2833 772 2871 22
818 2832 899 2870 DE
933 2828 1510 2871 ARGVMENTATIONE.
1559 2826 1896 2881 argumentatio
