1982 3230
1786 0 1982 60 ''⁴·‘·1·‘1.³.<

316 103 426 145 LVI
527 101 876 143 PRAEFATIO
906 102 971 144 IN
999 101 1370 143 MARTIANVM
1401 99 1746 143 GAPELLAMN

317 229 480 293 ipsum
516 244 628 279 eum
663 244 722 278 ex
749 227 930 278 Solone
956 228 1286 292 desumpsisse
1312 227 1399 278 sed
1432 228 1594 292 potius
1617 227 1827 277 Varroni
1851 225 1940 278 de-

319 312 501 362 buisse.
577 311 663 361 sed
704 316 859 360 totum
901 311 1166 376 capitulum
1192 312 1425 362 Varronis
1451 311 1726 361 doctrinam
1761 325 1940 376 sapere

318 397 438 445 mihi
465 395 675 453 uidetur,
706 395 936 445 uidentur
964 396 1109 445 etiam
1136 410 1261 460 quae
1285 395 1401 446 inde
1428 411 1455 445 a
1472 411 1521 460 p.
1541 393 1662 454 371,
1683 393 1718 445 3
1739 393 1937 463 (Jahn.)

318 479 551 542 leguntur
576 481 785 529 Varroni
821 479 1018 537 debere,
1055 481 1195 530 cuius
1230 479 1291 528 de
1317 479 1578 531 nouenarii
1611 481 1808 530 numeri
1831 481 1935 529 uir-

317 563 503 613 tutibus
547 565 868 628 expositionis
922 562 1053 613 aliud
1108 564 1459 614 documentum
1511 565 1731 614 seruauit
1774 564 1936 613 Arno·-

317 647 430 697 bius
455 647 521 696 ΙΙΙ
547 645 633 698 38.

460 731 530 781 De
564 731 691 781 libro
736 738 954 781 octauo
992 733 1087 782 hoc
1124 738 1198 782 est
1231 731 1482 782 Delambri
1516 732 1752 782 iudicium
1777 730 1877 781 uol.
1913 730 1937 781 1

317 833 364 881 p.
404 814 534 866 313:
579 818 870 866 Martianus
907 818 958 867 C.
991 819 1171 880 paruit
1203 832 1270 867 zm
1303 819 1632 880 compilateur
1664 818 1940 866 maladroit

320 904 406 962 que·
428 901 514 949 n'a
540 915 640 963 pas
664 916 819 964 'assez
848 902 910 951 de
944 905 1161 964 critique
1190 916 1326 964 pour
1349 898 1536 951 ‘choisir
1560 908 1700 951 entre
1732 903 1803 950 les
1835 915 1936 951 au*

317 990 453 1035 leurs
505 986 625 1047 qu'z'l
678 988 851 1034 aurait
892 986 925 1036 ίι
968 988 1155 1049 copier.
1252 986 1306 1034 Il
1343 988 1497 1048 parle
1545 974 1936 1035 &Eratosthene

319 1068 672 1131 d’Hz‘pparque
706 1075 754 1123 et,
777 1071 839 1118 de
863 1070 1114 1120 Ptole'me'e
1139 1070 1517 1133 probablement
1546 1083 1664 1118 sans
1697 1071 1770 1118 les
1793 1071 1940 1119 avoir

315 1158 394 1203 lus
414 1168 477 1203 ou
498 1156 536 1203 il
558 1168 617 1202 en
646 1156 786 1203 avait
826 1168 894 1203 au
924 1157 1082 1203 moins
1099 1169 1206 1216 peu
1225 1154 1442 1216 profite'‚·
1476 1156 1516 1204 il
1537 1153 1714 1207 n’e'taz‘t
1742 1168 1843 1216 pas
1865 1156 1938 1203 aa

316 1242 499 1288 niveau
545 1239 607 1287 de
645 1252 733 1287 son
777 1237 926 1287 siecle
963 1253 1026 1288 ou
1068 1253 1159 1288 son
1212 1238 1362 1288 siecle
1404 1238 1529 1288 e'tait
1573 1239 1824 1288 descendet
1866 1251 1936 1287 aa

322 1325 526 1372 dessous
561 1323 647 1371 des
678 1322 853 1372 siecle-5
876 1322 1191 1385 precedens,
1230 1337 1294 1372 ou
1323 1325 1492 1386 plutot
1514 1316 1572 1372 ce
1604 1325 1691 1384 qui
1716 1328 1791 1372 est
1817 1323 1939 1384 plus

319 1407 694 1456 vrae‘semblable
736 1408 808 1455 les
848 1413 1076 1457 travaux
1108 1404 1462 1469 d’Hz'pparque
1495 1412 1544 1456 et
1579 1407 1642 1456 de
1679 1405 1940 1455 Ptole'me'e

318 1490 504 1541 e'taient
552 1490 709 1540 reste's
751 1491 1035 1550 renferme's
1071 1492 1201 1540 dans
1243 1493 1315 1540 les
1351 1490 1511 1540 e'coles
1537 1491 1599 1539 de
1622 1490 1830 1540 Rhodes
1870 1493 1922 1539 et

316 1575 709 1638 d'Alexandrz‘e,
739 1589 803 1624 ou
827 1577 977 1626 meme
1013 1589 1094 1624 ces
1113 1576 1314 1636 qrands
1338 1582 1644 1624 astronomes
1679 1575 1817 1624 n’ont
1830 1587 1939 1637 pas

315 1674 378 1708 eu
412 1661 474 1708 de
510 1660 683 1720 diqnes
726 1673 1050 1708 successeurs,
1111 1659 1222 1708 ,Γαῖ’
1254 1659 1402 1721 copie'
1428 1673 1485 1709 ce
1521 1673 1616 1721 que
1643 1659 1936 1708 Martianus

318 1746 449 1806 offre
473 1746 535 1805 je
558 1757 621 1793 ne
658 1745 797 1793 αἰναί
809 1758 913 1805 pas
939 1744 1001 1793 de
1026 1743 1121 1793 bon
1154 1746 1283 1792 mais
1308 1745 1371 1793 de
1394 1744 1663 1804 simmam
1699 1745 1737 1792 il
1760 1740 1845 1791 n'a
1871 1743 1937 1791 de

316 1829 414 1876 bon
451 1841 544 1887 que
577 1828 715 1877 deux
750 1841 811 1876 ou
846 1829 970 1876 trois
1016 1829 1175 1888 liques
1206 1842 1295 1876 sur
1327 1827 1566 1877 Mercure
1598 1833 1647 1876 et
1682 1827 1850 1877 Venus
1885 1830 1938 1875 et

317 1925 443 1961 nous
476 1926 538 1960 en
586 1915 759 1961 avions
794 1911 917 1980 dejci
963 1927 1026 1960 vu
1072 1911 1395 1973 l’e'quz'valent
1441 1910 1473 1961 ὰ
1505 1925 1607 1973 peu
1642 1909 1770 1974 pre's
1803 1911 1940 1960 dans

237 2052 247 2059 N
317 1994 525 2059 Cice'ron
562 2000 609 2044 et
644 1996 774 2043 dans
806 1985 1078 2044 Macrbbe.'

461 2077 556 2127 Sed
583 2078 643 2126 de
671 2084 873 2127 auctore
894 2093 920 2126 a
941 2078 1179 2127 Martiano
1205 2078 1281 2126 his
1306 2079 1358 2126 in
1385 2077 1534 2127 rebus
1561 2078 1784 2128 adhibito
1810 2077 1934 2143 haec

317 2161 466 2212 habet
490 2160 787 2211 Bitschelius
817 2160 894 2225 (de
918 2162 1058 2211 Varr.
1087 2161 1205 2210 disc.
1235 2159 1378 2210 libris
1403 2177 1451 2227 p.
1484 2159 1571 2226 10)
1601 2163 1740 2211 ‘eam
1767 2166 1934 2211 autem

316 2247 476 2310 inquit
513 2250 527 2270 ‘
544 2244 771 2302 uocabuli
808 2245 1109 2294 notationem
1136 2252 1184 2295 et
1209 2245 1424 2295 Isidorus
1459 2246 1675 2310 suscepit
1700 2245 1766 2294 III
1792 2260 1836 2295 c.
1860 2242 1938 2295 59

318 2336 367 2379 et
392 2328 461 2380 60
497 2337 544 2379 et
578 2345 700 2380 uero
727 2329 1005 2378 Marcianus
1031 2343 1226 2393 quoque
1251 2329 1358 2378 VIII
1391 2344 1438 2393 p.
1466 2326 1572 2379 275
1596 2331 1695 2379 ima
1722 2328 1798 2393 '(p.
1825 2325 1932 2379 643

319 2418 348 2475 S
376 2411 477 2464 817
505 2413 683 2479 Kopp.)
726 2419 773 2463 et
807 2416 850 2462 is
887 2412 1083 2478 quidem
1118 2414 1383 2475 quendam*
1405 2414 1752 2464 Romanorum
1792 2418 1930 2463 ante-

318 2505 451 2548 stans
477 2512 575 2548 non
604 2513 703 2560 per
724 2501 890 2548 omnia
915 2499 1149 2563 iqnarum
1173 2499 1294 2547 sibi:
1320 2512 1467 2561 quem
1494 2512 1638 2547 nemo
1666 2511 1765 2564 non
1791 2497 1928 2547 uidet

317 2584 477 2647 ipsum
502 2582 780 2632 Varronem
805 2581 914 2631 dici.
957 2579 1062 2636 Quo
1083 2581 1318 2631 Marciani
1343 2582 1404 2631 de
1431 2596 1483 2630 se
1509 2582 1615 2646 ipso
1643 2580 1943 2631 testimonio·

318 2667 539 2729 profecto
576 2681 675 2716 non
714 2665 976 2716 mediocris
1009 2664 1131 2714 fides
1170 2666 1214 2714 ei
1249 2655 1562 2715 coniecturae
1599 2665 1796 2715 additur
1830 2674 1930 2729 qua

318 2748 457 2799 illum
482 2751 704 2801 Varrone
731 2750 891 2816 aliqua
919 2765 978 2799 ex
1003 2755 1144 2814 parte
1169 2763 1313 2798 usum
1342 2764 1449 2799 esse
1474 2751 1571 2799 iam
1597 2763 1747 2814 supra
1773 2749 1926 2812 signi-

319 2834 633 2885 ficabamuS.'
709 2841 963 2901 praeterea
997 2832 1284 2882 Krahnerus
1329 2832 1406 2899 (de
1449 2832 1566 2898 phil.
1603 2833 1742 2884 Varr.
1778 2848 1826 2897 p.
1858 2828 1931 2882 18
