1982 3230
178 711 263 750 660

175 1194 256 1234 661

287 136 400 188 225
774 134 1073 175 MARTIANI
1092 132 1424 182 „CAPELLAE

295 279 524 332 Gerasto,
555 280 601 323 et
627 274 686 323 ad
713 273 1084 338 Hellespontum
1113 274 1402 341 Caphareo>
1429 275 1708 326 decoratur.
1757 275 1907 325 huius

296 345 504 396 latitudo
539 344 666 394 ultra
703 345 976 394 secundum
1013 344 1274 394 miliarium
1308 347 1437 396 intra
1474 346 1902 410 quadragesimum

297 415 633 470 contrahitur,
674 414 931 478 longitudo
966 430 1088 464 uero
1124 416 1272 464 totius
1306 415 1506 466 Boetiae
1543 415 1603 465 ab
1629 418 1784 466 Attica
1818 430 1902 465 us·

297 501 394 550 que
421 485 719 534 Thessaliam
757 491 954 534 centum
981 486 1339 550 quinquaginta
1373 485 1569 536 milibus
1595 492 1898 535 numeratur.

297 556 695 605 circumferentia
731 570 852 604 nero
888 556 1121 604 trecentis
1156 557 1403 619 sexaginta
1439 558 1656 621 quinque
1703 555 1901 606 milibus
1944 564 1970 597 ⁵

297 626 551 690 explicata.
628 626 774 675 huius
811 625 1046 689 oppidum
1075 624 1302 674 Chalcida
1340 641 1396 675 ex
1426 628 1636 676 aduerso
1662 625 1822 683 Aulis,
1853 632 1902 675 et

294 697 522 760 Carystos
549 711 797 745 marmore
823 695 1053 744 fluctibus
1089 695 1368 745 concolore.
1442 698 1494 745 in
1519 697 1709 761 Myrtoo
1735 702 1899 746 autem

292 766 417 815 mari
440 765 687 830 Cyclades,
716 781 926 830 quarum
953 768 1173 815 notiores
1200 766 1343 815 Delos
1372 773 1418 815 et
1442 767 1747 828 Antandros:
1775 781 1900 831 quae

291 837 493 885 nomina
531 851 555 884 a
595 835 827 885 circulata
863 836 1174 885 ordinatione
1201 839 1417 886 sortitae.
1493 838 1607 885 item
1635 837 1897 900 SporadeS‚

292 921 502 970 quarum
542 906 705 956 Naxos
743 906 945 955 Homeri
990 905 1254 970 sepulchro
1292 907 1635 961 memoranda,
1682 906 1899 971 aliaeqae
1922 915 1963 947 1⁰

291 992 439 1041 quam
469 975 636 1039 plures
664 991 754 1040 per
782 977 1087 1039 septuaginta
1114 975 1469 1039 longitudinem
1499 983 1545 1025 et
1572 992 1660 1039 per
1686 978 1897 1026 ducenta

291 1046 598 1095 latitudinem
635 1046 835 1095 ducunt.
910 1047 1040 1094 inter
1068 1045 1431 1095 Cherronesum
1470 1053 1518 1095 et
1544 1046 1894 1095 Samothracen

293 1117 534 1180 quaedam
561 1116 667 1165 loca
698 1123 833 1165 nasta
862 1131 1094 1180 nuncque
1119 1115 1402 1165 Barbarica.

435 1185 648 1243 Quartus
674 1202 796 1235 uero
834 1201 1042 1249 magnus
1068 1186 1296 1250 Europae
1333 1187 1467 1235 sinus
1494 1185 1553 1234 ab
1579 1185 1896 1250 Hellesponto

290 1258 535 1321 incipiens
577 1258 782 1306 Maeotis
837 1257 961 1306 ostio
1001 1258 1311 1305 terminatur.
1388 1270 1499 1304 nam
1542 1262 1702 1305 artum
1758 1261 1896 1305 mare
1919 1263 1960 1296 15

287 1327 422 1375 inter
456 1327 705 1389 Europam
745 1333 793 1376 et
827 1327 989 1375 Asiam
1032 1328 1080 1374 in
1119 1328 1366 1389 angustias
1402 1333 1588 1390 septem
1625 1326 1894 1376 stadiorum

287 1397 577 1445 interfluens
599 1403 862 1445 coartatur.
897 1411 1018 1459 quas
1039 1398 1287 1458 angustias
1306 1395 1678 1459 Hellespontum
1699 1396 1892 1445 dicunt:

287 1465 477 1515 Xerxes
498 1466 713 1515 Persidis
740 1481 826 1515 rex
854 1466 1132 1529 adgregatis
1158 1465 1368 1515 nauibus
1394 1472 1642 1529 ponteque
1669 1471 1893 1514 constru-

287 1542 367 1586 cto
397 1538 663 1585 exercitum
697 1537 847 1585 duxit.
922 1551 1097 1584 uerum
1126 1537 1247 1584 haec
1273 1537 1556 1599 angustiora
1584 1536 1791 1599 quadam
1820 1536 1892 1584 in-

286 1607 609 1655 terriuatione
636 1621 725 1669 per
753 1607 997 1669 octoginta
1026 1620 1107 1654 sex
1136 1605 1265 1655 milia
1294 1605 1662 1662 distenduntur,
1690 1621 1746 1654 ac
1779 1619 1890 1654 rur·
1914 1613 1957 1646 20

287 1692 395 1725 sum
441 1676 729 1725 diffunditur
775 1691 911 1724 mare
958 1675 1276 1731 latissimum,
1321 1677 1598 1739 iterumque
1644 1675 1892 1724 contrahi-

285 1754 395 1802 tur;
425 1746 509 1794 sed
538 1748 689 1796 maris
716 1746 793 1795 illa
823 1746 1015 1795 diffusio
1042 1746 1304 1810 Propontis
1344 1746 1520 1794 dicitur
1547 1746 1891 1810 secundaeque

286 1818 538 1879 angustiae
565 1817 819 1880 Bosporos
846 1815 1171 1880 appellantur,
1209 1830 1334 1878 quae
1361 1816 1639 1880 quingentis
1664 1814 1891 1879 passibus

283 1892 434 1950 patet.
511 1889 625 1935 item
655 1887 747 1935 hac
783 1887 958 1935 Darius
985 1886 1160 1936 Xerxis
1195 1892 1336 1949 pater
1363 1888 1529 1950 copias
1554 1891 1704 1949 ponte
1729 1891 1888 1934 trans-

397 2042 420 2089 §
442 2042 525 2081 660
558 2055 611 2081 ex
633 2040 785 2080 Plinio
806 2040 899 2080 1111
921 2041 975 2080 65
999 2044 1044 2080 et
1066 2040 1118 2080 68
1143 2044 1188 2080 et
1210 2041 1263 2080 69
1287 2043 1333 2080 et
1356 2041 1408 2081 74
1447 2037 1467 2093 Η
1505 2041 1528 2089 ξ
1551 2040 1629 2079 661
1654 2053 1708 2080 ex
1730 2038 1889 2080 Solino

279 2111 325 2150 p.
349 2096 418 2146 87,
443 2099 552 2137 5-9
585 2102 630 2136 et
649 2096 801 2136 Plinio
822 2097 916 2137 IIII
939 2098 992 2136 76

398 2254 418 2291 1
463 2251 686 2291 Geraesto
718 2251 881 2290 Plinius
937 2245 957 2303 Η
1019 2249 1320 2301 ellespontum
1359 2250 1444 2289 BD
1500 2246 1520 2302 Η
1584 2250 1805 2303 caphario
1842 2251 1885 2290 D

280 2308 520 2360 Caphereo
550 2309 713 2347 Plirius
767 2304 786 2360 Η
839 2309 864 2346 3
895 2306 1110 2346 boeotiae
1140 2305 1196 2346 B¹
1237 2303 1257 2359 Η
1297 2307 1321 2345 6
1362 2305 1542 2346 calcida
1570 2305 1654 2346 BR
1689 2302 1710 2360 Η
1750 2308 1773 2346 7
1807 2319 1883 2346 ca-

279 2366 419 2404 ristos
441 2364 483 2404 B
532 2360 550 2417 Η
606 2376 828 2403 marmore
860 2363 1074 2402 fluctibus
1107 2363 1349 2402 concolore
1380 2360 1612 2402 Salmasius
1642 2364 1702 2402 ad
1719 2361 1807 2403 Sol.
1831 2376 1881 2414 Ρ.

279 2424 362 2461 177
390 2433 614 2460 marmore
637 2416 923 2472 (maimoreis
944 2418 967 2458 b
998 2432 1221 2458 marmore
1244 2422 1289 2458 et
1308 2416 1366 2466 R)
1397 2417 1608 2457 fluctibus
1641 2418 1885 2459 concolora

276 2477 321 2517 B
370 2473 388 2530 Η
437 2480 614 2527 myrtoo
644 2475 687 2514 B
724 2480 900 2526 myrteo
931 2474 995 2515 bR
1042 2471 1061 2527 Η
1111 2477 1136 2515 9
1170 2481 1272 2527 post
1302 2475 1495 2515 sortitae
1526 2475 1627 2514 add
1660 2486 1703 2517 s.
1715 2487 1736 2514 s
1775 2474 1799 2514 b

280 2532 513 2572 strofades
543 2533 582 2572 R
632 2531 906 2583 strophades
936 2530 960 2570 b
1018 2527 1037 2583 Η
1097 2533 1148 2571 10
1177 2544 1297 2571 naxo
1332 2528 1432 2570 B¹R
1477 2527 1496 2583 Η
1546 2531 1687 2570 omeri
1715 2530 1797 2570 BR

279 2591 329 2628 11
371 2589 665 2641 septingenta
706 2600 764 2634 βω
792 2588 934 2627 Plinio
974 2587 1216 2627 Lildeclcius
1264 2583 1283 2639 Η
1340 2589 1391 2626 12
1432 2598 1692 2626 eronessum
1720 2585 1804 2625 BR

274 2649 582 2685 samotracem
609 2643 691 2684 BR
729 2643 1082 2683 samotrachiam
1113 2643 1135 2682 b
1174 2639 1193 2696 Η
1241 2644 1293 2682 14
1321 2649 1421 2694 post
1448 2654 1558 2750 uelro
1588 2643 1688 2682 add.
1711 2654 1737 2692 e
1765 2642 1803 2682 R

276 2701 530 2753 ellesponto
563 2700 646 2740 BR
692 2696 711 2752 Η
762 2701 813 2739 15
851 2700 1014 2739 meotis
1045 2699 1127 2739 BR
1165 2699 1378 2739 meotidis
1415 2695 1506 2750 r-ll
1554 2697 1700 2807 hostilo
1721 2696 1803 2737 BR

278 2758 331 2797 18
362 2769 518 2797 serxes
541 2756 622 2796 BR
660 2768 823 2795 xerxes
845 2755 867 2795 b
898 2768 1055 2796 xerses
1083 2769 1108 2794 r
1147 2752 1166 2808 Η
1203 2757 1252 2794 21
1290 2754 1539 2794 contraitur
1558 2750 1663 2806 B¹{
1721 2755 1775 2793 22
1807 2766 1879 2794 se-

275 2812 451 2852 cundae
474 2812 512 2853 R
542 2812 772 2852 secundae
796 2824 883 2862 quo
913 2825 937 2850 r
974 2808 994 2865 Η
1034 2813 1086 2852 23
1125 2811 1374 2863 bosphoros
1395 2810 1477 2849 BR
1514 2750 1768 2862 ὃοερὶιίοηιε
1789 2806 1863 2864 ὂΗ

267 2867 330 2908 24
360 2873 521 2919 patent
551 2868 574 2908 b
622 2864 642 2920 Η
691 2870 836 2908 serxis
861 2868 939 2908 BR
968 2869 1121 2908 xerxis
1150 2868 1173 2907 b
1203 2868 1348 2908 xersis
1373 2880 1397 2906 r
1445 2863 1465 2920 Η
