1982 3230
724 78 907 123 LIBER
937 80 1075 123 vnn
1594 77 1699 131 347

89 224 243 275 bucos
278 221 543 290 hydraulas
568 237 658 288 per
684 228 840 272 totum
877 221 1053 272 orbem
1079 221 1138 271 ad
1175 222 1490 272 commodum
1526 221 1699 272 huma·

89 310 182 345 nae
219 293 440 344 utilitatis
475 294 660 342 inueni.
736 308 828 358 per
861 307 941 343 me
979 293 1159 358 quippe
1207 300 1431 343 uestrum
1466 293 1692 343 homines
1725 299 1811 341 925

87 364 307 415 inlexere
333 378 626 413 succursum
653 364 851 428 irasque
885 363 1070 412 inferas
1096 378 1186 428 per
1212 365 1410 414 naenias
1437 364 1694 414 sedauere.

27 466 32 471 ·
89 435 203 501 quid
232 434 364 499 quod
389 433 517 483 bella
554 434 889 499 uictoriaeque
925 433 1144 498 undique
1181 435 1302 483 meis
1329 434 1554 490 cantibus
1581 449 1698 484 con-

43 516 66 550 5
89 504 324 571 quisitae?
362 518 475 554 nam
504 504 673 554 Cretes
707 504 768 553 ad
804 503 1045 553 citharam
1082 504 1408 561 dimicabant,
1447 505 1698 555 Lacedae·

86 576 240 624 monii
267 574 324 624 ad
352 574 519 631 tibias,
550 589 641 624 nec
667 580 778 624 ante
805 573 1221 638 adgrediebantur
1258 575 1354 623 fata
1391 574 1695 637 proeliorum

84 646 371 711 priusquam
406 644 500 694 illis
537 646 813 709 contigerat
849 643 991 693 litare
1026 644 1192 694 MusiS.
1270 644 1384 709 quid
1423 646 1695 695 Amazones

84 730 251 766 nonne
288 715 349 764 ad
387 714 600 765 calamos
638 730 773 765 arma
811 714 1125 764 tractabant?
1187 730 1396 780 quarum
1433 731 1531 765 una
1571 731 1696 780 quae

86 786 394 850 concipiendi
443 786 603 836 studio
648 793 880 842 uenerat,
927 800 1038 834 cum
1078 785 1413 835 Alexandrum
1461 785 1699 837 salutaret

21 866 63 902 ιο
86 857 265 907 donata
292 856 493 906 tibicine
518 862 572 905 ut
597 870 776 920 magno
803 868 1011 905 munere
1038 855 1282 919 gratulata
1309 857 1548 907 discessit.
1605 858 1698 906 La-

84 926 432 977 cedaemonios
469 928 518 976 in
555 927 789 983 Graecia,
828 927 879 975 in
916 926 1052 976 Italia
1089 926 1338 992 Sybaritas
1374 926 1599 977 tibicines
1636 927 1697 976 ad

82 997 271 1063 proelia
297 997 491 1061 praeire
518 999 627 1060 quis
662 997 878 1047 nesciat?
925 997 1068 1046 tubas
1096 1012 1196 1046 non
1233 997 1393 1047 solum
1431 998 1696 1063 sonipedes

83 1075 228 1132 atque
254 1067 382 1117 bella
418 1067 504 1117 sed
532 1082 714 1131 agonas
757 1083 934 1118 acuere
963 1074 1316 1132 certamenque
1355 1068 1695 1118 membrorum

82 1152 215 1187 nunc
265 1152 461 1202 quoque
516 1146 825 1202 conpertum.
920 1138 1038 1201 quid
1088 1139 1224 1202 pacis
1273 1141 1440 1188 munia
1490 1139 1695 1205 <nonne
1726 1147 1810 1187 926

17 1220 59 1254 15
87 1209 267 1257 nostris
312 1208 537 1258 cantibus
585 1207 862 1259 celebrata?
925 1209 1226 1259 Graecarum
1263 1210 1447 1274 quippe
1495 1209 1697 1260 urbium

82 1277 262 1328 multae
289 1279 346 1328 ad
369 1278 521 1343 lyram
542 1278 677 1342 leges
698 1279 996 1343 decretaque
1021 1278 1215 1342 publica
1242 1279 1532 1329 recitabant.
1580 1295 1696 1343 per-

81 1348 442 1399 turbationibus
481 1350 760 1398 animorum
797 1350 1151 1413 corporeisque
1187 1348 1376 1398 morbis
1402 1349 1697 1400 medicabile

80 1418 306 1468 crebrius
343 1434 545 1469 carmen
590 1420 803 1468 insonui.
880 1434 995 1469 nam
1040 1419 1357 1483 phreneticos
1402 1420 1696 1485 symphonia

79 1491 324 1540 resanaui.
401 1490 531 1555 quod
569 1489 942 1557 Ascle->piades
981 1505 1178 1555 quoque
1221 1491 1444 1540 medicus
1476 1492 1695 1541 imitatus

15 1571 59 1604 20
82 1574 195 1610 cum
221 1559 591 1610 consulentibus
617 1560 816 1610 urbium
842 1560 1068 1625 patribus
1098 1560 1258 1624 plebis
1284 1562 1565 1611 inconditae
1587 1562 1694 1611 uul-

82 1645 171 1695 gus
197 1630 487 1680 infremeret
521 1630 786 1680 seditiones
822 1645 1054 1680 accensas
1092 1630 1346 1681 crebriore
1382 1639 1530 1681 cantu
1566 1633 1692 1681 inhi-

81 1701 202 1750 buit.
256 1700 421 1751 ebrios
448 1702 651 1750 iuuenes
680 1701 987 1766 perindeque
1013 1700 1269 1766 inprobius
1295 1701 1573 1765 petulantes
1599 1703 1694 1752 Da·

81 1786 199 1820 mon
224 1786 353 1820 unus
380 1787 406 1820 e
433 1771 757 1821 sectatoribus
796 1773 919 1821 meis
956 1771 1273 1821 modulorum
1310 1775 1552 1836 grauitate
1579 1788 1692 1838 per·

81 1841 283 1892 domuit.
360 1843 542 1906 quippe
567 1842 759 1891 tibicini
796 1841 1071 1906 spondeum
1109 1856 1288 1892 canere
1323 1842 1500 1893 iubens
1535 1850 1693 1893 temu-
1718 1850 1853 1891 3146

16 1921 59 1956 25
82 1911 244 1962 lentae
280 1912 578 1961 dementiam
607 1911 993 1978 perturbationis
1029 1912 1244 1975 infregit.
1321 1913 1438 1978 quid
1476 1913 1694 1963 adflicta-

30 1981 32 1984 ’
79 1981 296 2033 tionibus
332 1984 587 2048 corporeis
624 1998 789 2033 nonne
825 1983 1023 2033 adsidua
1063 1983 1390 2033 medicatione
1435 1985 1694 2034 succurri?

80 2051 270 2103 febrem
301 2053 540 2102 curabant
566 2053 869 2119 uulneraque
906 2061 1103 2103 ueteres
1139 2055 1381 2104 cantione.
1444 2054 1694 2119 Asclepia-

81 2123 167 2172 des
194 2125 307 2173 item
328 2123 445 2172 tuba
466 2124 765 2173 surdissimis
792 2124 1099 2174 medebatur.
1150 2124 1210 2173 ad
1235 2124 1519 2175 affectiones
1545 2126 1696 2175 animi

79 2194 220 2242 tibias
246 2194 618 2258 Theophrastus
647 2187 925 2244 adhibebat.
991 2194 1232 2244 ischiadas
1260 2197 1369 2259 quis
1395 2197 1583 2246 nesciat
1610 2211 1692 2246 ex-

194 2336 216 2374 1
248 2334 468 2386 ydraulas
489 2335 530 2374 B
561 2335 746 2376 draulas
768 2336 806 2376 R
863 2332 882 2389 Η
908 2371 912 2376 .
941 2337 967 2376 5
999 2337 1218 2376 critarum
1239 2337 1276 2376 R
1318 2336 1556 2387 cytharam
1577 2335 1619 2375 B
1658 2333 1677 2390 Η

81 2389 435 2431 demicabantR
473 2389 492 2444 Η
532 2392 557 2430 6
588 2390 900 2444 preliorumB
940 2388 959 2445 Η
1000 2392 1052 2432 10
1083 2392 1289 2431 tubicine
1320 2392 1344 2431 b
1383 2388 1403 2445 Η
1445 2394 1494 2432 11
1528 2392 1695 2432 Sibari-

79 2443 164 2488 tas'
186 2445 251 2486 hR
281 2446 510 2487 subaritos
531 2446 573 2486 B
610 2444 628 2500 Η
670 2449 721 2486 12
785 2447 934 2487 raelia
956 2447 998 2487 B
1037 2443 1056 2501 Η
1107 2448 1158 2487 16
1188 2447 1324 2487 liram
1345 2449 1386 2487 D
1425 2445 1444 2502 Η
1486 2448 1539 2488 18
1571 2448 1694 2489 inso-

79 2502 180 2542 nuit
207 2503 247 2542 D
286 2500 305 2556 Η
345 2502 598 2543 freneticos
629 2503 714 2543 BD
766 2500 773 2556 1
811 2502 1042 2555 symfonia
1070 2504 1111 2543 D
1151 2503 1336 2554 syfonia
1362 2504 1405 2543 B
1444 2501 1463 2558 Η
1501 2506 1556 2545 20
1589 2516 1695 2545 con·

79 2558 338 2599 solentibus
367 2556 469 2599 B¹R
508 2556 527 2612 Η
564 2561 616 2598 21
649 2558 885 2599 sedicione
914 2559 956 2598 B
994 2555 1013 2613 Η
1054 2560 1260 2600 crebrior
1290 2564 1453 2601 cantus
1475 2560 1557 2601 BR
1578 2573 1694 2601 corr.

80 2614 200 2658 Mon.
218 2617 245 2655 3
274 2612 294 2669 Η
330 2615 482 2655 inbuit
501 2615 582 2655 BR
602 2615 773 2655 inibuit
794 2615 816 2655 b
846 2612 863 2668 Η
901 2617 954 2655 22
987 2615 1140 2656 ebrios
1161 2629 1238 2657 om.
1262 2617 1300 2656 R
1335 2613 1354 2670 Η
1384 2618 1439 2656 24
1470 2616 1695 2658 temulen-

79 2671 177 2711 tiae
210 2669 309 2711 B¹R
356 2667 379 2725 Η
425 2673 480 2713 25
513 2670 845 2712 adflictationis
877 2671 958 2711 RB
999 2671 1343 2712 adflictionibus
1375 2673 1399 2712 b
1448 2669 1467 2726 Η
1516 2674 1569 2713 26
1601 2686 1694 2713 me-

80 2725 306 2768 ditatione
337 2741 363 2768 r
410 2724 429 2782 Η
476 2728 531 2768 27
564 2727 841 2779 asclipiades
871 2726 972 2768 B¹1z
1019 2723 1039 2780 Η
1087 2729 1142 2768 28
1173 2728 1310 2768 turba
1341 2727 1443 2770 B¹R
1484 2726 1503 2782 Η
1554 2729 1696 2770 medi·

85 2782 276 2823 tabatur
305 2783 348 2823 B
387 2780 406 2837 Η
456 2783 725 2824 effectiones
756 2782 838 2824 RB
870 2783 1150 2824 afflictiones
1182 2785 1205 2824 Ι)
1255 2781 1274 2838 Η
1323 2786 1377 2826 29
1409 2784 1697 2827 theofrastus

82 2838 162 2878 BR
200 2836 220 2893 Η
259 2839 543 2880 adibebatB
582 2837 602 2893 Η
642 2839 825 2881 sciadas
847 2839 929 2880 BR
949 2853 1113 2892 corrup
1153 2837 1173 2893 Η
