1982 3230
247 108 356 160 264
605 76 609 78 s
730 106 1032 148 MARTIANI
1063 75 1384 148 CAPELLAE
1471 137 1485 143 -

249 249 382 298 idem
410 248 615 304 cubum,
645 248 727 311 qui
753 247 816 313 a>
843 246 997 298 triade
1025 249 1160 297 uenit
1194 247 1242 297 id
1270 255 1342 298 est
1366 249 1541 311 uiginti
1575 255 1762 314 septem
1789 265 1868 300 se·
1956 283 1963 291 .

251 325 459 384 quentes
496 319 693 380 inpares
728 317 944 367 reddunt
979 317 1026 366 id
1056 323 1130 368 est
1155 318 1330 382 heptas
1367 334 1549 369 enneas
1586 325 1633 369 et
1665 319 1869 371 undeci-

88 404 236 444 2436
256 405 392 444 mus,
422 388 507 450 qui
534 402 706 436 omnes
744 387 929 436 faciunt
955 388 1142 437 XXVII.
1207 390 1322 438 item
1358 387 1530 439 tertius
1568 389 1870 460 cubus‚xqui

134 1036 216 1076 741

119 1650 215 1709 3742

251 474 276 507 a
306 457 495 507 tetrade
530 460 669 507 uenit
695 459 742 507 id
772 464 844 507 est
869 459 1063 508 LXlllI:
1100 474 1214 508 nam
1242 466 1414 524 quater
1441 461 1692 523 quaterni:
1728 462 1868 510 sede-

251 531 343 578 cim
360 566 371 585 ,
412 528 508 577 hoc
534 535 708 593 quater
735 528 906 578 LXIIII
942 530 1020 586 fit,
1060 535 1107 578 et
1132 530 1212 578 hic
1239 545 1298 578 ex
1333 529 1589 594 inparibus
1617 537 1864 595 quattuor,
1888 542 1914 576 5

251 600 335 663 qui
379 600 661 661 superiores
702 606 959 655 secuntur,
1014 600 1061 648 id
1108 606 1182 649 est
1226 599 1336 649 XIII
1382 599 1464 648 XV
1501 600 1628 650 XVII
1666 600 1865 650 XVIIII:
1947 611 1960 614 “

250 671 373 718 fiunt
407 669 553 718 simul
588 669 761 718 LXIIII
798 677 845 719 et
873 671 943 718 sic
972 685 1143 718 omnes
1171 669 1284 720 cubi
1318 685 1408 733 per
1434 672 1679 735 inparium
1707 674 1869 722 incre·

249 745 415 788 menta
450 741 772 789 inueniuntur
799 741 873 788 sui
911 740 1162 790 dumtaxat
1197 743 1406 790 numeri.
1484 756 1600 791 sane
1626 741 1705 791 hic
1732 749 1868 792 octo-

250 811 417 859 narius
444 809 600 859 cubus
636 812 702 859 ita
739 811 957 860 omnium
986 811 1226 869 cuborum
1267 812 1458 875 primus
1495 819 1570 861 est
1604 818 1658 862 ut
1697 827 1870 862 monas

252 881 471 929 omnium
518 895 858 930 numerorum.
936 880 1092 930 cubus
1132 888 1293 930 autem
1333 884 1496 934 omnis
1537 884 1681 931 etiam
1721 883 1867 932 matri
1894 898 1935 930 ιο

252 951 397 1000 deum
427 949 686 1004 tribuitur:
714 966 827 1000 nam
856 950 1188 1016 ideo‘Cybebe
1214 954 1510 1003 nominatur.

392 1031 622 1070 ENNEAS
663 1036 857 1085 quoque
895 1014 1114 1085 p'erfecta
1165 1029 1238 1071 est
1276 1028 1324 1070 et
1362 1022 1629 1085 perfectior
1668 1023 1867 1079 dicitur,

251 1092 482 1155 quoniam
511 1107 571 1140 ex
606 1091 762 1141 triade
798 1092 1016 1156 perfecta
1053 1092 1209 1140 forma
1259 1095 1363 1141 eius
1400 1091 1719 1155 multiplicata
1755 1107 1867 1156 per-

233 1163 424 1211 ficitur.
503 1162 680 1211 deinde
721 1162 853 1225 quod
892 1163 1039 1226 primi
1079 1177 1252 1211 uersus
1291 1163 1436 1211 finem
1476 1168 1632 1218 tenet,
1674 1171 1722 1210 et
1757 1163 1868 1213 ideo

248 1232 383 1280 Mars
420 1231 688 1296 appellata,
727 1248 753 1280 a
792 1248 888 1296 quo
926 1232 1036 1280 finis
1073 1234 1292 1281 omnium
1328 1248 1512 1281 rerum.
1599 1233 1868 1297 quadratus
1892 1248 1935 1281 15

250 1317 447 1366 quoque
482 1303 591 1350 finis
628 1310 700 1351 est
737 1317 935 1359 eorum,
977 1318 1101 1367 quae
1135 1317 1225 1365 per
1262 1302 1571 1353 collationem
1610 1310 1868 1367 augentur.

249 1387 363 1421 nam
392 1378 438 1420 et
465 1372 754 1430 harmoniae
790 1371 960 1421 ultima
987 1387 1103 1436 pars
1131 1379 1218 1428 est,
1250 1373 1307 1422 ad
1350 1373 1621 1423 enneadem
1651 1375 1780 1423 enim
1807 1373 1869 1423 ab

248 1443 423 1492 octade
460 1442 655 1491 collatio
701 1443 1035 1506 percussionis
1074 1458 1225 1492 sonus
1264 1443 1493 1492 efficitur.
1567 1458 1666 1492 non
1706 1445 1869 1494 minus

247 1528 430 1562 nouem
457 1514 621 1562 Musas
650 1513 833 1562 dixere.
899 1514 947 1561 in
977 1514 1162 1562 mundo
1191 1514 1336 1562 etiam
1364 1529 1543 1562 nouem
1573 1520 1687 1563 sunt
1713 1529 1868 1564 zonae

247 1583 295 1631 id
324 1591 396 1632 est
422 1583 662 1647 sphaerae
690 1590 738 1631 et
764 1583 968 1636 deorum
999 1590 1186 1648 septem
1216 1589 1262 1632 et
1289 1590 1450 1632 terrae
1478 1586 1624 1633 duae.
1891 1601 1935 1632 20

388 1663 576 1702 DEOAS
606 1668 724 1702 uero
761 1652 889 1702 ultra
917 1668 1087 1702 omnes
1121 1653 1362 1703 habenda.
1399 1696 1401 1698 .
1428 1669 1552 1717 quae
1579 1668 1750 1703 omnes
1778 1669 1868 1703 nu-

249 1739 415 1772 meros
453 1724 680 1772 diuersae
727 1725 925 1773 uirtutis
965 1739 1023 1772 ac
1071 1724 1388 1787 perfectionis
1435 1726 1560 1772 intra
1612 1739 1664 1773 se
1703 1723 1884 1774 habet·
1916 1728 1943 1759 ’ὲ

249 1809 375 1857 quae
401 1793 516 1842 licet
541 1795 687 1857 primi
727 1810 902 1843 uersus
929 1795 1041 1843 finis
1068 1795 1144 1849 sit,
1174 1795 1420 1843 secundae
1446 1794 1670 1844 monadis
1695 1793 1870 1858 implet

249 1863 500 1913 auxilium.
565 1864 688 1913 haec
726 1866 875 1927 primi
911 1880 1088 1913 uersus
1124 1879 1445 1913 numerorum
1483 1863 1679 1928 regulas
1706 1863 1869 1914 analo-

248 1935 351 1998 gias
387 1950 571 1998 genera
609 1936 801 1999 species
831 1936 1132 1984 differentias
1158 1935 1492 1997 perfectiones
1520 1941 1568 1984 et
1595 1934 1867 1998 inperfecta
1889 1950 1934 1982 25

249 2004 500 2054 concludit
536 2005 778 2069 daturque
816 2005 958 2061 lanc,
999 2006 1225 2069 quamuis
1262 2021 1369 2053 eam
1406 2005 1605 2071 plurimi
1643 2010 1867 2069 apocata·
1953 2022 1966 2029 ⁵

248 2075 401 2124 stasin
430 2078 766 2123 memorarint.

364 2230 386 2268 1
435 2229 597 2279 cybum
629 2230 669 2269 D
722 2230 871 2269 cibum
904 2227 961 2268 B¹
1013 2226 1032 2281 Η
1081 2228 1127 2267 id
1168 2231 1258 2268 estt
1287 2230 1325 2268 R
1374 2230 1485 2269 item
1523 2244 1547 2268 r
1594 2227 1613 2282 Η
1663 2231 1688 2269 2
1736 2232 1868 2282 eptas

246 2284 329 2324 BR
370 2281 388 2338 Η
429 2285 640 2325 undecim
673 2285 695 2324 b
735 2282 755 2339 Η
793 2289 818 2326 3
850 2285 1002 2325 XXVI
1031 2285 1069 2324 R
1108 2281 1126 2337 Η
1168 2285 1308 2335 cybus
1330 2285 1412 2325 BR
1459 2282 1478 2338 Η
1519 2285 1596 2337 qui
1626 2298 1654 2325 a
1685 2285 1747 2325 Rb
1779 2297 1868 2337 qua

247 2341 290 2380 B
327 2338 348 2394 Η
382 2343 410 2381 4
442 2341 619 2381 faciunt
645 2348 746 2393 post
776 2342 991 2393 quaterni
1022 2342 1122 2382 add.
1156 2341 1179 2380 b
1213 2338 1469 2393 (quaternis
1501 2341 1656 2381 decies
1686 2342 1724 2381 R
1754 2354 1874 2394 qua-

249 2398 371 2437 terni
402 2398 611 2438 sedecies
641 2398 684 2437 B
732 2395 751 2450 Η
799 2399 825 2438 5
858 2401 1053 2449 quatuor
1081 2396 1164 2437 BR
1211 2394 1231 2450 Η
1279 2399 1304 2437 6
1343 2397 1564 2437 tredecim
1606 2397 1868 2450 quindecim

193 2464 199 2468 ·
249 2454 286 2493 R
326 2451 345 2507 Η
385 2455 408 2494 7
443 2455 607 2505 cybiR
641 2454 733 2494 cibi
762 2454 804 2493 B
834 2451 851 2508 Η
881 2456 906 2494 9
939 2454 1081 2505 cybus
1103 2452 1184 2493 BR
1223 2450 1242 2507 Η
1282 2453 1502 2505 cyborum
1530 2453 1612 2494 BR
1649 2450 1669 2507 Η
1709 2455 1762 2494 10
1794 2465 1870 2493 cu—

249 2512 332 2549 bus
364 2510 388 2550 b
422 2511 564 2562 cybus
595 2511 633 2550 R
665 2511 831 2562 quibus
861 2510 903 2550 B
950 2507 969 2563 Η
1020 2511 1070 2550 11
1103 2509 1330 2550 tribuetur
1359 2509 1459 2550 B¹R
1506 2507 1526 2563 Η
1576 2509 1738 2561 cybele
1767 2523 1793 2548 r

249 2567 574 2606 nenominatur
602 2565 661 2606 B¹
711 2564 731 2619 Η
782 2569 834 2607 13
874 2570 946 2607 ter
977 2567 1124 2606 forma
1155 2566 1178 2606 b
1228 2566 1459 2618 performa
1489 2566 1532 2605 B
1575 2566 1723 2606 forma
1754 2565 1792 2605 R

251 2623 304 2662 14
348 2623 522 2675 primus
556 2624 594 2663 R
643 2623 803 2676 primis
841 2637 865 2661 r
921 2620 941 2676 Η
993 2624 1045 2663 15
1090 2622 1214 2662 Mors
1255 2623 1427 2663 Grotius
1475 2619 1494 2676 Η
1544 2623 1595 2662 17
1642 2620 1868 2662 ennadem

246 2676 366 2719 B¹R¹
415 2676 435 2733 Η
485 2682 537 2720 19
571 2678 788 2719 addixere
819 2678 876 2718 B¹
930 2677 948 2733 Η
998 2680 1046 2718 in
1077 2678 1241 2718 mundo
1271 2677 1355 2719 BR
1391 2680 1527 2718 immo
1559 2678 1583 2717 b
1622 2673 1641 2731 Η
1679 2679 1734 2718 20
1764 2690 1866 2729 spe·

249 2747 328 2774 rae
350 2735 433 2776 BR
467 2733 486 2789 Η
527 2736 646 2776 duae
679 2736 829 2776 addidi
866 2732 884 2788 Η
924 2737 979 2775 24
1009 2734 1112 2775 finis
1144 2736 1425 2788 sit—primi
1453 2745 1612 2774 uersus
1642 2746 1720 2773 om.
1743 2732 1803 2772 B1
1830 2730 1850 2787 Η

249 2791 440 2830 secundi
470 2791 526 2832 R¹
575 2789 595 2846 Η
644 2794 697 2832 25
731 2792 1006 2832 diferentias
1039 2791 1081 2830 B
1129 2787 1148 2844 Η
1197 2793 1251 2831 26
1293 2793 1352 2831 ad
1381 2790 1731 2843 apocatastasin
1762 2791 1868 2829 add.

249 2845 491 2887 adstantes
524 2848 547 2887 b
587 2845 605 2902 Η
646 2850 699 2888 27
732 2845 1087 2897 memorarith¹
1119 2851 1425 2889 memorarent
1455 2844 1508 2886 R¹
1548 2843 1567 2899 Η
