<?xml version="1.0" encoding="UTF-8"?>
<!DOCTYPE html PUBLIC "-//W3C//DTD XHTML 1.0 Transitional//EN"
    "http://www.w3.org/TR/xhtml1/DTD/xhtml1-transitional.dtd">
<html xmlns="http://www.w3.org/1999/xhtml" xml:lang="en" lang="en">
 <head>
  <title>
</title>
<meta http-equiv="Content-Type" content="text/html;charset=utf-8" />
  <meta name='ocr-system' content='tesseract 3.04.00' />
  <meta name='ocr-capabilities' content='ocr_page ocr_carea ocr_par ocr_line ocrx_word'/>
</head>
<body>
  <div class='ocr_page' id='page_1' title='image "./martianvscapella00martuoft_0426.png"; bbox 0 0 1982 3230; ppageno 0'>
   <div class='ocr_carea' id='block_1_1' title="bbox 191 1055 273 1096">
    <p class='ocr_par' dir='ltr' id='par_1_1' title="bbox 191 1055 273 1096">
     <span class='ocr_line' id='line_1_1' title="bbox 191 1055 273 1096; baseline -0.012 0"><span class='ocrx_word' id='word_1_1' title='bbox 191 1055 273 1096; x_wconf 83' lang='lat'>936</span> 
     </span>
    </p>
   </div>
   <div class='ocr_carea' id='block_1_2' title="bbox 304 126 1433 182">
    <p class='ocr_par' dir='ltr' id='par_1_2' title="bbox 304 126 1433 182">
     <span class='ocr_line' id='line_1_2' title="bbox 304 126 1433 182; baseline -0.002 -9"><span class='ocrx_word' id='word_1_2' title='bbox 304 128 409 182; x_wconf 80' lang='lat'>352</span> <span class='ocrx_word' id='word_1_3' title='bbox 784 127 1083 171; x_wconf 85' lang='lat' dir='ltr'>MARTIANI</span> <span class='ocrx_word' id='word_1_4' title='bbox 1113 126 1433 172; x_wconf 84' lang='lat' dir='ltr'>CAPELLAE</span> 
     </span>
    </p>
   </div>
   <div class='ocr_carea' id='block_1_3' title="bbox 303 266 1977 1670">
    <p class='ocr_par' dir='ltr' id='par_1_3' title="bbox 303 266 1974 1024">
     <span class='ocr_line' id='line_1_3' title="bbox 307 266 1910 336; baseline 0.002 -15"><span class='ocrx_word' id='word_1_5' title='bbox 307 286 424 335; x_wconf 91' lang='grc' dir='ltr'>ριον</span> <span class='ocrx_word' id='word_1_6' title='bbox 452 275 500 318; x_wconf 90' lang='lat' dir='ltr'>et</span> <span class='ocrx_word' id='word_1_7' title='bbox 532 266 903 335; x_wconf 84' lang='grc' dir='ltr'>ὑποφρύγιον,</span> <span class='ocrx_word' id='word_1_8' title='bbox 931 267 1017 336; x_wconf 86' lang='lat' dir='ltr'>&lt;et</span> <span class='ocrx_word' id='word_1_9' title='bbox 1053 271 1171 319; x_wconf 89' lang='lat' dir='ltr'>item</span> <span class='ocrx_word' id='word_1_10' title='bbox 1207 271 1335 320; x_wconf 88' lang='lat' dir='ltr'>inter</span> <span class='ocrx_word' id='word_1_11' title='bbox 1360 268 1670 324; x_wconf 76' lang='grc' dir='ltr'>ὑποιάετιον</span> <span class='ocrx_word' id='word_1_12' title='bbox 1698 277 1757 322; x_wconf 85' lang='lat' dir='ltr'>et</span> <span class='ocrx_word' id='word_1_13' title='bbox 1778 270 1910 325; x_wconf 86' lang='grc' dir='ltr'>ὑπο-</span> 
     </span>
     <span class='ocr_line' id='line_1_4' title="bbox 307 339 1911 406; baseline 0.003 -16"><span class='ocrx_word' id='word_1_14' title='bbox 307 339 540 397; x_wconf 89' lang='grc' dir='ltr'>αιόλιον,</span> <span class='ocrx_word' id='word_1_15' title='bbox 579 341 695 389; x_wconf 89' lang='lat' dir='ltr'>item</span> <span class='ocrx_word' id='word_1_16' title='bbox 736 341 1038 390; x_wconf 88' lang='lat' dir='ltr'>conueniens</span> <span class='ocrx_word' id='word_1_17' title='bbox 1084 346 1293 406; x_wconf 87' lang='lat' dir='ltr'>aptaque</span> <span class='ocrx_word' id='word_1_18' title='bbox 1327 344 1582 405; x_wconf 85' lang='lat' dir='ltr'>responsio</span> <span class='ocrx_word' id='word_1_19' title='bbox 1617 343 1747 392; x_wconf 87' lang='lat' dir='ltr'>inter</span> <span class='ocrx_word' id='word_1_20' title='bbox 1779 340 1911 396; x_wconf 82' lang='grc' dir='ltr'>ὑπο-</span> 
     </span>
     <span class='ocr_line' id='line_1_5' title="bbox 306 408 1912 477; baseline 0.001 -17"><span class='ocrx_word' id='word_1_21' title='bbox 306 408 538 474; x_wconf 83' lang='grc' dir='ltr'>φρύγιον</span> <span class='ocrx_word' id='word_1_22' title='bbox 568 417 616 459; x_wconf 88' lang='lat' dir='ltr'>et</span> <span class='ocrx_word' id='word_1_23' title='bbox 641 408 953 467; x_wconf 79' lang='grc' dir='ltr'>ὑπολύδιον,</span> <span class='ocrx_word' id='word_1_24' title='bbox 981 412 1062 475; x_wconf 90' lang='lat' dir='ltr'>qui</span> <span class='ocrx_word' id='word_1_25' title='bbox 1089 417 1336 476; x_wconf 80' lang='lat' dir='ltr'><strong>tamquam</strong></span> <span class='ocrx_word' id='word_1_26' title='bbox 1358 411 1579 477; x_wconf 83' lang='lat' dir='ltr'>duplices</span> <span class='ocrx_word' id='word_1_27' title='bbox 1605 412 1912 477; x_wconf 81' lang='lat' dir='ltr'>copulantur.</span> 
     </span>
     <span class='ocr_line' id='line_1_6' title="bbox 306 480 1915 547; baseline 0.001 -17"><span class='ocrx_word' id='word_1_28' title='bbox 306 480 498 530; x_wconf 89' lang='lat' dir='ltr'>mediae</span> <span class='ocrx_word' id='word_1_29' title='bbox 533 482 656 530; x_wconf 75' lang='lat' dir='ltr'>uero</span> <span class='ocrx_word' id='word_1_30' title='bbox 684 482 971 545; x_wconf 85' lang='lat' dir='ltr'>grauiorum</span> <span class='ocrx_word' id='word_1_31' title='bbox 1010 487 1269 546; x_wconf 85' lang='lat' dir='ltr'>troporum</span> <span class='ocrx_word' id='word_1_32' title='bbox 1305 482 1380 531; x_wconf 90' lang='lat' dir='ltr'>his</span> <span class='ocrx_word' id='word_1_33' title='bbox 1407 484 1492 547; x_wconf 90' lang='lat' dir='ltr'>qui</span> <span class='ocrx_word' id='word_1_34' title='bbox 1518 484 1763 533; x_wconf 79' lang='lat' dir='ltr'>acutiores</span> <span class='ocrx_word' id='word_1_35' title='bbox 1799 490 1915 534; x_wconf 89' lang='lat' dir='ltr'>sunt</span> 
     </span>
     <span class='ocr_line' id='line_1_7' title="bbox 303 549 1956 619; baseline -0.002 -17"><span class='ocrx_word' id='word_1_36' title='bbox 303 549 874 618; x_wconf 76' lang='grc' dir='ltr'>προελαμβανόμεναι&gt;</span> <span class='ocrx_word' id='word_1_37' title='bbox 912 552 1049 601; x_wconf 87' lang='lat' dir='ltr'>fiunt.</span> <span class='ocrx_word' id='word_1_38' title='bbox 1124 567 1302 602; x_wconf 89' lang='lat' dir='ltr'>uerum</span> <span class='ocrx_word' id='word_1_39' title='bbox 1335 554 1467 616; x_wconf 92' lang='lat' dir='ltr'>tropi</span> <span class='ocrx_word' id='word_1_40' title='bbox 1504 551 1682 617; x_wconf 88' lang='lat' dir='ltr'>singuli</span> <span class='ocrx_word' id='word_1_41' title='bbox 1718 568 1912 619; x_wconf 86' lang='lat' dir='ltr'>quoque</span> <span class='ocrx_word' id='word_1_42' title='bbox 1934 564 1956 598; x_wconf 82' lang='lat'><strong>5</strong></span> 
     </span>
     <span class='ocr_line' id='line_1_8' title="bbox 303 621 1912 687; baseline 0.001 -17"><span class='ocrx_word' id='word_1_43' title='bbox 303 621 619 671; x_wconf 86' lang='lat' dir='ltr'>tetrachorda</span> <span class='ocrx_word' id='word_1_44' title='bbox 645 622 830 671; x_wconf 85' lang='lat' dir='ltr'>faciunt</span> <span class='ocrx_word' id='word_1_45' title='bbox 850 622 1013 687; x_wconf 91' lang='lat' dir='ltr'>quina.</span> <span class='ocrx_word' id='word_1_46' title='bbox 1054 622 1425 672; x_wconf 79' lang='lat' dir='ltr'>tetrachordum</span> <span class='ocrx_word' id='word_1_47' title='bbox 1445 630 1608 674; x_wconf 85' lang='lat' dir='ltr'>autem</span> <span class='ocrx_word' id='word_1_48' title='bbox 1629 630 1701 673; x_wconf 91' lang='lat' dir='ltr'>est</span> <span class='ocrx_word' id='word_1_49' title='bbox 1721 624 1912 674; x_wconf 85' lang='lat' dir='ltr'>affectio</span> 
     </span>
     <span class='ocr_line' id='line_1_9' title="bbox 305 692 1910 758; baseline 0.001 -16"><span class='ocrx_word' id='word_1_50' title='bbox 305 692 544 757; x_wconf 75' lang='lat' dir='ltr'>quaedam</span> <span class='ocrx_word' id='word_1_51' title='bbox 581 707 817 742; x_wconf 92' lang='lat' dir='ltr'>sonorum</span> <span class='ocrx_word' id='word_1_52' title='bbox 854 698 1088 758; x_wconf 88' lang='lat' dir='ltr'>quattuor</span> <span class='ocrx_word' id='word_1_53' title='bbox 1123 707 1214 756; x_wconf 88' lang='lat' dir='ltr'>per</span> <span class='ocrx_word' id='word_1_54' title='bbox 1251 693 1477 743; x_wconf 89' lang='lat' dir='ltr'>ordinem</span> <span class='ocrx_word' id='word_1_55' title='bbox 1525 695 1910 758; x_wconf 88' lang='lat' dir='ltr'>conpositorum,</span> 
     </span>
     <span class='ocr_line' id='line_1_10' title="bbox 306 762 1913 828; baseline 0.002 -17"><span class='ocrx_word' id='word_1_56' title='bbox 306 777 521 826; x_wconf 89' lang='lat' dir='ltr'>quorum</span> <span class='ocrx_word' id='word_1_57' title='bbox 558 764 766 812; x_wconf 85' lang='lat' dir='ltr'>extremi</span> <span class='ocrx_word' id='word_1_58' title='bbox 808 762 902 812; x_wconf 89' lang='lat' dir='ltr'>sibi</span> <span class='ocrx_word' id='word_1_59' title='bbox 941 762 1152 813; x_wconf 87' lang='lat' dir='ltr'>debeant</span> <span class='ocrx_word' id='word_1_60' title='bbox 1189 765 1475 813; x_wconf 87' lang='lat' dir='ltr'>conuenire.</span> <span class='ocrx_word' id='word_1_61' title='bbox 1551 765 1636 813; x_wconf 92' lang='lat' dir='ltr'>sed</span> <span class='ocrx_word' id='word_1_62' title='bbox 1674 764 1799 814; x_wconf 78' lang='lat' dir='ltr'>haec</span> <span class='ocrx_word' id='word_1_63' title='bbox 1825 778 1913 828; x_wconf 87' lang='lat' dir='ltr'>po-</span> 
     </span>
     <span class='ocr_line' id='line_1_11' title="bbox 304 833 1912 885; baseline 0.001 -3"><span class='ocrx_word' id='word_1_64' title='bbox 304 835 498 885; x_wconf 84' lang='lat' dir='ltr'>sterius,</span> <span class='ocrx_word' id='word_1_65' title='bbox 573 847 706 882; x_wconf 91' lang='lat' dir='ltr'>nunc</span> <span class='ocrx_word' id='word_1_66' title='bbox 733 848 789 882; x_wconf 91' lang='lat' dir='ltr'>ac</span> <span class='ocrx_word' id='word_1_67' title='bbox 822 834 1244 883; x_wconf 89' lang='lat' dir='ltr'>incoamentorum</span> <span class='ocrx_word' id='word_1_68' title='bbox 1279 840 1442 883; x_wconf 90' lang='lat' dir='ltr'>ratum</span> <span class='ocrx_word' id='word_1_69' title='bbox 1479 834 1702 884; x_wconf 88' lang='lat' dir='ltr'>ordinem</span> <span class='ocrx_word' id='word_1_70' title='bbox 1737 833 1912 885; x_wconf 87' lang='lat' dir='ltr'>redea-</span> 
     </span>
     <span class='ocr_line' id='line_1_12' title="bbox 304 903 1974 968; baseline 0.001 -16"><span class='ocrx_word' id='word_1_71' title='bbox 304 918 431 953; x_wconf 88' lang='lat' dir='ltr'>mus.</span> <span class='ocrx_word' id='word_1_72' title='bbox 507 903 759 966; x_wconf 86' lang='lat' dir='ltr'>praedicta</span> <span class='ocrx_word' id='word_1_73' title='bbox 807 904 937 952; x_wconf 92' lang='lat' dir='ltr'>enim</span> <span class='ocrx_word' id='word_1_74' title='bbox 971 903 1082 952; x_wconf 90' lang='lat' dir='ltr'>ideo</span> <span class='ocrx_word' id='word_1_75' title='bbox 1119 905 1278 968; x_wconf 87' lang='lat' dir='ltr'>prima</span> <span class='ocrx_word' id='word_1_76' title='bbox 1327 905 1452 954; x_wconf 87' lang='lat' dir='ltr'>dicta</span> <span class='ocrx_word' id='word_1_77' title='bbox 1487 910 1626 961; x_wconf 88' lang='lat' dir='ltr'>sunt,</span> <span class='ocrx_word' id='word_1_78' title='bbox 1672 910 1726 954; x_wconf 86' lang='lat' dir='ltr'>ut</span> <span class='ocrx_word' id='word_1_79' title='bbox 1769 903 1912 954; x_wconf 91' lang='lat' dir='ltr'>altius</span> <span class='ocrx_word' id='word_1_80' title='bbox 1935 915 1974 948; x_wconf 79' lang='lat'>10</span> 
     </span>
     <span class='ocr_line' id='line_1_13' title="bbox 310 978 617 1024; baseline 0.003 -2"><span class='ocrx_word' id='word_1_81' title='bbox 310 978 617 1024; x_wconf 85' lang='lat' dir='ltr'>tenerentur.</span> 
     </span>
    </p>

    <p class='ocr_par' dir='ltr' id='par_1_4' title="bbox 304 1043 1977 1670">
     <span class='ocr_line' id='line_1_14' title="bbox 444 1043 1911 1109; baseline 0.002 -16"><span class='ocrx_word' id='word_1_82' title='bbox 444 1043 610 1093; x_wconf 89' lang='lat' dir='ltr'>Primo</span> <span class='ocrx_word' id='word_1_83' title='bbox 639 1045 821 1109; x_wconf 87' lang='lat' dir='ltr'>quippe</span> <span class='ocrx_word' id='word_1_84' title='bbox 848 1058 959 1093; x_wconf 92' lang='lat' dir='ltr'>cum</span> <span class='ocrx_word' id='word_1_85' title='bbox 973 1043 1126 1092; x_wconf 88' lang='lat' dir='ltr'>Lasus</span> <span class='ocrx_word' id='word_1_86' title='bbox 1153 1059 1211 1093; x_wconf 86' lang='lat' dir='ltr'>ex</span> <span class='ocrx_word' id='word_1_87' title='bbox 1237 1043 1362 1094; x_wconf 91' lang='lat' dir='ltr'>urbe</span> <span class='ocrx_word' id='word_1_88' title='bbox 1388 1044 1911 1096; x_wconf 79' lang='lat' dir='ltr'>Hermioneaharmo-</span> 
     </span>
     <span class='ocr_line' id='line_1_15' title="bbox 305 1113 1912 1179; baseline -0.001 -15"><span class='ocrx_word' id='word_1_89' title='bbox 305 1118 423 1165; x_wconf 79' lang='lat' dir='ltr'>m&#39;ae</span> <span class='ocrx_word' id='word_1_90' title='bbox 457 1115 559 1163; x_wconf 91' lang='lat' dir='ltr'>uim</span> <span class='ocrx_word' id='word_1_91' title='bbox 595 1113 886 1164; x_wconf 87' lang='lat' dir='ltr'>mortalibus</span> <span class='ocrx_word' id='word_1_92' title='bbox 913 1113 1214 1177; x_wconf 86' lang='lat' dir='ltr'>diuulgaret‚</span> <span class='ocrx_word' id='word_1_93' title='bbox 1252 1117 1345 1163; x_wconf 88' lang='lat' dir='ltr'>tria</span> <span class='ocrx_word' id='word_1_94' title='bbox 1371 1119 1559 1164; x_wconf 91' lang='lat' dir='ltr'>tantum</span> <span class='ocrx_word' id='word_1_95' title='bbox 1598 1115 1695 1165; x_wconf 92' lang='lat' dir='ltr'>mei</span> <span class='ocrx_word' id='word_1_96' title='bbox 1730 1129 1912 1179; x_wconf 82' lang='lat' dir='ltr'>genera</span> 
     </span>
     <span class='ocr_line' id='line_1_16' title="bbox 304 1181 1912 1250; baseline 0 -16"><span class='ocrx_word' id='word_1_97' title='bbox 304 1184 605 1249; x_wconf 79' lang='lat' dir='ltr'>putabantur</span> <span class='ocrx_word' id='word_1_98' title='bbox 655 1182 850 1236; x_wconf 80' lang='grc' dir='ltr'>εἰδικὸν</span> <span class='ocrx_word' id='word_1_99' title='bbox 900 1181 1285 1248; x_wconf 75' lang='grc' dir='ltr'>ἀπεργαετικὸν</span> <span class='ocrx_word' id='word_1_100' title='bbox 1333 1183 1729 1246; x_wconf 81' lang='grc' dir='ltr'>ἐξαγγελτικόν,</span> <span class='ocrx_word' id='word_1_101' title='bbox 1781 1184 1912 1250; x_wconf 89' lang='lat' dir='ltr'>quod</span> 
     </span>
     <span class='ocr_line' id='line_1_17' title="bbox 307 1253 1977 1320; baseline 0 -16"><span class='ocrx_word' id='word_1_102' title='bbox 307 1257 453 1305; x_wconf 90' lang='lat' dir='ltr'>etiam</span> <span class='ocrx_word' id='word_1_103' title='bbox 481 1254 858 1318; x_wconf 83' lang='grc' dir='ltr'>ἑρμηνευτικόν</span> <span class='ocrx_word' id='word_1_104' title='bbox 889 1255 1083 1305; x_wconf 91' lang='lat' dir='ltr'>dicitur.</span> <span class='ocrx_word' id='word_1_105' title='bbox 1148 1262 1195 1304; x_wconf 86' lang='lat' dir='ltr'>et</span> <span class='ocrx_word' id='word_1_106' title='bbox 1220 1253 1414 1307; x_wconf 82' lang='grc' dir='ltr'>εἰδικόν</span> <span class='ocrx_word' id='word_1_107' title='bbox 1443 1262 1528 1313; x_wconf 90' lang='lat' dir='ltr'>est,</span> <span class='ocrx_word' id='word_1_108' title='bbox 1557 1255 1687 1320; x_wconf 92' lang='lat' dir='ltr'>quod</span> <span class='ocrx_word' id='word_1_109' title='bbox 1714 1271 1775 1306; x_wconf 85' lang='lat' dir='ltr'>ex</span> <span class='ocrx_word' id='word_1_110' title='bbox 1798 1270 1911 1319; x_wconf 87' lang='lat' dir='ltr'>per·</span> <span class='ocrx_word' id='word_1_111' title='bbox 1936 1265 1977 1298; x_wconf 84' lang='lat'>15</span> 
     </span>
     <span class='ocr_line' id='line_1_18' title="bbox 307 1325 1910 1383; baseline 0.001 -8"><span class='ocrx_word' id='word_1_112' title='bbox 307 1326 651 1375; x_wconf 87' lang='lat' dir='ltr'>seuerantibus</span> <span class='ocrx_word' id='word_1_113' title='bbox 679 1332 726 1374; x_wconf 88' lang='lat' dir='ltr'>et</span> <span class='ocrx_word' id='word_1_114' title='bbox 752 1325 991 1375; x_wconf 87' lang='lat' dir='ltr'>similibus</span> <span class='ocrx_word' id='word_1_115' title='bbox 1019 1325 1337 1383; x_wconf 87' lang='lat' dir='ltr'>consonabat,</span> <span class='ocrx_word' id='word_1_116' title='bbox 1366 1326 1414 1375; x_wconf 91' lang='lat' dir='ltr'>id</span> <span class='ocrx_word' id='word_1_117' title='bbox 1442 1332 1516 1375; x_wconf 90' lang='lat' dir='ltr'>est</span> <span class='ocrx_word' id='word_1_118' title='bbox 1541 1341 1664 1375; x_wconf 92' lang='lat' dir='ltr'>sono</span> <span class='ocrx_word' id='word_1_119' title='bbox 1690 1326 1910 1376; x_wconf 86' lang='lat' dir='ltr'>numeris</span> 
     </span>
     <span class='ocr_line' id='line_1_19' title="bbox 306 1395 1910 1461; baseline 0 -17"><span class='ocrx_word' id='word_1_120' title='bbox 306 1402 452 1460; x_wconf 85' lang='lat' dir='ltr'>atque</span> <span class='ocrx_word' id='word_1_121' title='bbox 477 1395 662 1444; x_wconf 81' lang='lat' dir='ltr'>uerbis,</span> <span class='ocrx_word' id='word_1_122' title='bbox 738 1396 822 1444; x_wconf 90' lang='lat' dir='ltr'>sed</span> <span class='ocrx_word' id='word_1_123' title='bbox 851 1411 974 1459; x_wconf 89' lang='lat' dir='ltr'>quae</span> <span class='ocrx_word' id='word_1_124' title='bbox 1003 1411 1062 1444; x_wconf 83' lang='lat' dir='ltr'>ex</span> <span class='ocrx_word' id='word_1_125' title='bbox 1088 1396 1180 1461; x_wconf 17' lang='lat' dir='ltr'>his&gt;</span> <span class='ocrx_word' id='word_1_126' title='bbox 1199 1395 1260 1444; x_wconf 86' lang='lat' dir='ltr'>ad</span> <span class='ocrx_word' id='word_1_127' title='bbox 1296 1395 1450 1445; x_wconf 89' lang='lat' dir='ltr'>melos</span> <span class='ocrx_word' id='word_1_128' title='bbox 1486 1397 1760 1460; x_wconf 87' lang='lat' dir='ltr'>pertinent,</span> <span class='ocrx_word' id='word_1_129' title='bbox 1797 1395 1910 1445; x_wconf 89' lang='lat' dir='ltr'>har-</span> 
     </span>
     <span class='ocr_line' id='line_1_20' title="bbox 304 1464 1910 1531; baseline 0.001 -17"><span class='ocrx_word' id='word_1_130' title='bbox 304 1467 496 1515; x_wconf 88' lang='lat' dir='ltr'>monica</span> <span class='ocrx_word' id='word_1_131' title='bbox 534 1465 791 1522; x_wconf 63' lang='lat' dir='ltr'>dicuntum</span> <span class='ocrx_word' id='word_1_132' title='bbox 834 1480 958 1529; x_wconf 89' lang='lat' dir='ltr'>quae</span> <span class='ocrx_word' id='word_1_133' title='bbox 985 1465 1046 1515; x_wconf 90' lang='lat' dir='ltr'>ad</span> <span class='ocrx_word' id='word_1_134' title='bbox 1072 1480 1306 1515; x_wconf 89' lang='lat' dir='ltr'>numeros</span> <span class='ocrx_word' id='word_1_135' title='bbox 1316 1503 1330 1530; x_wconf 88' lang='lat'>‚</span> <span class='ocrx_word' id='word_1_136' title='bbox 1358 1466 1660 1530; x_wconf 83' lang='lat' dir='ltr'>rhythmica;</span> <span class='ocrx_word' id='word_1_137' title='bbox 1699 1480 1823 1531; x_wconf 90' lang='lat' dir='ltr'>quae</span> <span class='ocrx_word' id='word_1_138' title='bbox 1849 1464 1910 1515; x_wconf 90' lang='lat' dir='ltr'>ad</span> 
     </span>
     <span class='ocr_line' id='line_1_21' title="bbox 304 1533 1910 1600; baseline 0 -15"><span class='ocrx_word' id='word_1_139' title='bbox 304 1535 458 1585; x_wconf 89' lang='lat' dir='ltr'>uerba</span> <span class='ocrx_word' id='word_1_140' title='bbox 475 1575 487 1592; x_wconf 92' lang='lat'><strong><em>,</em></strong></span> <span class='ocrx_word' id='word_1_141' title='bbox 515 1537 731 1585; x_wconf 89' lang='lat' dir='ltr'>metrica.</span> <span class='ocrx_word' id='word_1_142' title='bbox 808 1533 1193 1598; x_wconf 69' lang='grc' dir='ltr'>ἀπεργαστικὸν</span> <span class='ocrx_word' id='word_1_143' title='bbox 1222 1541 1294 1585; x_wconf 83' lang='lat' dir='ltr'>est</span> <span class='ocrx_word' id='word_1_144' title='bbox 1320 1536 1516 1600; x_wconf 87' lang='lat' dir='ltr'>quidam</span> <span class='ocrx_word' id='word_1_145' title='bbox 1550 1538 1784 1586; x_wconf 86' lang='lat' dir='ltr'>materiae</span> <span class='ocrx_word' id='word_1_146' title='bbox 1810 1541 1910 1585; x_wconf 87' lang='lat' dir='ltr'>tra-</span> 
     </span>
     <span class='ocr_line' id='line_1_22' title="bbox 306 1604 1974 1670; baseline 0.001 -16"><span class='ocrx_word' id='word_1_147' title='bbox 306 1613 413 1656; x_wconf 90' lang='lat' dir='ltr'>ctus</span> <span class='ocrx_word' id='word_1_148' title='bbox 441 1606 660 1655; x_wconf 84' lang='lat' dir='ltr'>efficiens</span> <span class='ocrx_word' id='word_1_149' title='bbox 686 1606 976 1655; x_wconf 85' lang='lat' dir='ltr'>exercitium</span> <span class='ocrx_word' id='word_1_150' title='bbox 1005 1608 1109 1655; x_wconf 92' lang='lat' dir='ltr'>eius</span> <span class='ocrx_word' id='word_1_151' title='bbox 1126 1645 1138 1664; x_wconf 84' lang='lat'><em>,</em></span> <span class='ocrx_word' id='word_1_152' title='bbox 1176 1607 1315 1656; x_wconf 89' lang='lat' dir='ltr'>cuius</span> <span class='ocrx_word' id='word_1_153' title='bbox 1340 1612 1442 1655; x_wconf 88' lang='lat' dir='ltr'>tres</span> <span class='ocrx_word' id='word_1_154' title='bbox 1468 1606 1634 1655; x_wconf 90' lang='lat' dir='ltr'>itidem</span> <span class='ocrx_word' id='word_1_155' title='bbox 1671 1612 1836 1670; x_wconf 81' lang='lat' dir='ltr'>partes</span> <span class='ocrx_word' id='word_1_156' title='bbox 1860 1604 1908 1655; x_wconf 90' lang='lat' dir='ltr'>id</span> <span class='ocrx_word' id='word_1_157' title='bbox 1933 1618 1974 1650; x_wconf 82' lang='lat'>20</span> 
     </span>
    </p>
   </div>
   <div class='ocr_carea' id='block_1_4' title="bbox 287 1674 1908 1750">
    <p class='ocr_par' dir='ltr' id='par_1_5' title="bbox 287 1674 1908 1750">
     <span class='ocr_line' id='line_1_23' title="bbox 287 1674 1908 1750; baseline -0.001 -24"><span class='ocrx_word' id='word_1_158' title='bbox 287 1682 380 1750; x_wconf 20' lang='lat' dir='ltr'>dest</span> <span class='ocrx_word' id='word_1_159' title='bbox 413 1674 696 1739; x_wconf 87' lang='grc' dir='ltr'>μελοποιία</span> <span class='ocrx_word' id='word_1_160' title='bbox 722 1675 880 1739; x_wconf 73' lang='grc' dir='ltr'>λῆψις</span> <span class='ocrx_word' id='word_1_161' title='bbox 905 1674 1095 1738; x_wconf 87' lang='grc' dir='ltr'>πλοκή.</span> <span class='ocrx_word' id='word_1_162' title='bbox 1148 1674 1515 1737; x_wconf 79' lang='grc' dir='ltr'>ἐξαγγελτικόν</span> <span class='ocrx_word' id='word_1_163' title='bbox 1550 1683 1714 1726; x_wconf 87' lang='lat' dir='ltr'>autem</span> <span class='ocrx_word' id='word_1_164' title='bbox 1740 1676 1799 1726; x_wconf 91' lang='lat' dir='ltr'>ad</span> <span class='ocrx_word' id='word_1_165' title='bbox 1827 1691 1908 1726; x_wconf 88' lang='lat' dir='ltr'>ex-</span> 
     </span>
    </p>
   </div>
   <div class='ocr_carea' id='block_1_5' title="bbox 306 1803 644 1812">
    <p class='ocr_par' dir='ltr' id='par_1_6' title="bbox 306 1803 644 1812">
     <span class='ocr_line' id='line_1_24' title="bbox 306 1803 644 1812; baseline 0 0"><span class='ocrx_word' id='word_1_166' title='bbox 306 1803 644 1812; x_wconf 95' lang='lat' dir='ltr'> </span> 
     </span>
    </p>
   </div>
   <div class='ocr_carea' id='block_1_6' title="bbox 302 1870 1911 2264">
    <p class='ocr_par' dir='ltr' id='par_1_7' title="bbox 302 1870 1911 2264">
     <span class='ocr_line' id='line_1_25' title="bbox 420 1870 1909 1927; baseline 0.001 -14"><span class='ocrx_word' id='word_1_167' title='bbox 420 1874 442 1912; x_wconf 84' lang='lat'>1</span> <span class='ocrx_word' id='word_1_168' title='bbox 478 1870 893 1923; x_wconf 77' lang='grc' dir='ltr'>ΙΠΕΡΦΡΙΓΙΟΥΜ</span> <span class='ocrx_word' id='word_1_169' title='bbox 917 1873 958 1912; x_wconf 87' lang='grc' dir='ltr'><em>Β</em></span> <span class='ocrx_word' id='word_1_170' title='bbox 988 1870 1375 1921; x_wconf 72' lang='grc' dir='ltr'>ΥΝΕΡΦΡΙΟΥΟΟ</span> <span class='ocrx_word' id='word_1_171' title='bbox 1396 1874 1434 1914; x_wconf 92' lang='lat' dir='ltr'><em>R</em></span> <span class='ocrx_word' id='word_1_172' title='bbox 1463 1870 1481 1927; x_wconf 74' lang='grc' dir='ltr'>Ι]</span> <span class='ocrx_word' id='word_1_173' title='bbox 1510 1870 1909 1915; x_wconf 68' lang='grc' dir='ltr'>ΨΠΟΑΕΤΙΟῩΜ</span> 
     </span>
     <span class='ocr_line' id='line_1_26' title="bbox 303 1926 1911 1983; baseline 0.001 -14"><span class='ocrx_word' id='word_1_174' title='bbox 303 1929 347 1969; x_wconf 97' lang='grc' dir='ltr'><em>Β</em></span> <span class='ocrx_word' id='word_1_175' title='bbox 386 1927 765 1971; x_wconf 72' lang='grc' dir='ltr'>ῩΠΟΙΑΕΤΙΟΜ</span> <span class='ocrx_word' id='word_1_176' title='bbox 797 1929 821 1969; x_wconf 80' lang='lat' dir='ltr'><em>b</em></span> <span class='ocrx_word' id='word_1_177' title='bbox 873 1927 1245 1973; x_wconf 74' lang='grc' dir='ltr'>ΥΠΟΙΑΕΤΙΥΜ</span> <span class='ocrx_word' id='word_1_178' title='bbox 1280 1933 1320 1972; x_wconf 90' lang='lat' dir='ltr'><em>D</em></span> <span class='ocrx_word' id='word_1_179' title='bbox 1367 1926 1385 1983; x_wconf 85' lang='grc' dir='ltr'>ΙΙ</span> <span class='ocrx_word' id='word_1_180' title='bbox 1438 1927 1837 1972; x_wconf 79' lang='grc' dir='ltr'>ΙΠΕΡΕΟΛΙΟΥΜ</span> <span class='ocrx_word' id='word_1_181' title='bbox 1868 1930 1911 1971; x_wconf 87' lang='grc' dir='ltr'><em>Β</em></span> 
     </span>
     <span class='ocr_line' id='line_1_27' title="bbox 308 1983 1909 2042; baseline 0.002 -17"><span class='ocrx_word' id='word_1_182' title='bbox 308 1983 693 2027; x_wconf 86' lang='grc' dir='ltr'>ΙΠΕΡΟΛΙΔΙΟΜ</span> <span class='ocrx_word' id='word_1_183' title='bbox 725 1986 748 2026; x_wconf 84' lang='lat' dir='ltr'><em>b</em></span> <span class='ocrx_word' id='word_1_184' title='bbox 790 1984 1133 2028; x_wconf 72' lang='grc' dir='ltr'>ΥΠΟΛΙΔΙΠΜ</span> <span class='ocrx_word' id='word_1_185' title='bbox 1165 1989 1205 2027; x_wconf 91' lang='lat' dir='ltr'><em>D</em></span> <span class='ocrx_word' id='word_1_186' title='bbox 1254 1985 1272 2041; x_wconf 82' lang='grc' dir='ltr'>Η</span> <span class='ocrx_word' id='word_1_187' title='bbox 1322 1990 1347 2028; x_wconf 83' lang='lat'><strong>2</strong></span> <span class='ocrx_word' id='word_1_188' title='bbox 1385 1986 1650 2042; x_wconf 86' lang='lat' dir='ltr'>ipofrigium</span> <span class='ocrx_word' id='word_1_189' title='bbox 1682 1991 1729 2028; x_wconf 81' lang='lat' dir='ltr'>et</span> <span class='ocrx_word' id='word_1_190' title='bbox 1765 1987 1909 2040; x_wconf 86' lang='lat' dir='ltr'>ipoio-</span> 
     </span>
     <span class='ocr_line' id='line_1_28' title="bbox 302 2039 1909 2098; baseline 0.001 -18"><span class='ocrx_word' id='word_1_191' title='bbox 302 2041 398 2081; x_wconf 91' lang='lat' dir='ltr'>lion</span> <span class='ocrx_word' id='word_1_192' title='bbox 429 2045 470 2082; x_wconf 88' lang='lat' dir='ltr'><em>D</em></span> <span class='ocrx_word' id='word_1_193' title='bbox 509 2039 943 2084; x_wconf 71' lang='grc' dir='ltr'>ΥΠΟΦΡΙΤΙΟῨΜ</span> <span class='ocrx_word' id='word_1_194' title='bbox 978 2047 1024 2083; x_wconf 86' lang='lat' dir='ltr'>et</span> <span class='ocrx_word' id='word_1_195' title='bbox 1058 2040 1441 2085; x_wconf 89' lang='grc' dir='ltr'>ΙΠΕΡΛΙΔΙΟΥΜ</span> <span class='ocrx_word' id='word_1_196' title='bbox 1464 2044 1506 2084; x_wconf 94' lang='grc' dir='ltr'><em>Β</em></span> <span class='ocrx_word' id='word_1_197' title='bbox 1555 2041 1574 2098; x_wconf 83' lang='grc' dir='ltr'>Η</span> <span class='ocrx_word' id='word_1_198' title='bbox 1622 2046 1647 2085; x_wconf 90' lang='grc'><strong>3</strong></span> <span class='ocrx_word' id='word_1_199' title='bbox 1678 2046 1909 2096; x_wconf 83' lang='lat' dir='ltr'>tamquam</span> 
     </span>
     <span class='ocr_line' id='line_1_29' title="bbox 304 2097 1909 2154; baseline 0.001 -16"><span class='ocrx_word' id='word_1_200' title='bbox 304 2099 495 2139; x_wconf 82' lang='lat' dir='ltr'>Ioannes</span> <span class='ocrx_word' id='word_1_201' title='bbox 519 2100 690 2140; x_wconf 79' lang='lat' dir='ltr'>Grotius</span> <span class='ocrx_word' id='word_1_202' title='bbox 727 2103 906 2139; x_wconf 80' lang='lat' dir='ltr'>tantum</span> <span class='ocrx_word' id='word_1_203' title='bbox 937 2098 1020 2139; x_wconf 86' lang='lat' dir='ltr'>BD</span> <span class='ocrx_word' id='word_1_204' title='bbox 1069 2097 1088 2153; x_wconf 80' lang='grc' dir='ltr'>Η</span> <span class='ocrx_word' id='word_1_205' title='bbox 1137 2102 1162 2141; x_wconf 89' lang='grc'><strong>6</strong></span> <span class='ocrx_word' id='word_1_206' title='bbox 1194 2099 1457 2140; x_wconf 77' lang='lat' dir='ltr'>tetracorda</span> <span class='ocrx_word' id='word_1_207' title='bbox 1487 2100 1568 2141; x_wconf 89' lang='lat' dir='ltr'>BR</span> <span class='ocrx_word' id='word_1_208' title='bbox 1615 2097 1636 2154; x_wconf 89' lang='grc' dir='ltr'>ΙΙ</span> <span class='ocrx_word' id='word_1_209' title='bbox 1683 2102 1909 2140; x_wconf 79' lang='lat' dir='ltr'>tetracor—</span> 
     </span>
     <span class='ocr_line' id='line_1_30' title="bbox 305 2151 1892 2209; baseline 0.001 -15"><span class='ocrx_word' id='word_1_210' title='bbox 305 2154 409 2194; x_wconf 87' lang='lat' dir='ltr'>dum</span> <span class='ocrx_word' id='word_1_211' title='bbox 447 2154 530 2195; x_wconf 89' lang='lat' dir='ltr'>BR</span> <span class='ocrx_word' id='word_1_212' title='bbox 578 2151 597 2207; x_wconf 83' lang='grc' dir='ltr'>Η</span> <span class='ocrx_word' id='word_1_213' title='bbox 653 2157 679 2196; x_wconf 86' lang='grc'>9</span> <span class='ocrx_word' id='word_1_214' title='bbox 724 2155 1148 2196; x_wconf 84' lang='lat' dir='ltr'>inchoamentorum</span> <span class='ocrx_word' id='word_1_215' title='bbox 1185 2155 1208 2195; x_wconf 80' lang='lat' dir='ltr'><em>b</em></span> <span class='ocrx_word' id='word_1_216' title='bbox 1327 2158 1376 2196; x_wconf 94' lang='grc'>11</span> <span class='ocrx_word' id='word_1_217' title='bbox 1429 2159 1689 2197; x_wconf 85' lang='lat' dir='ltr'>tenerestur</span> <span class='ocrx_word' id='word_1_218' title='bbox 1724 2154 1826 2196; x_wconf 82' lang='lat' dir='ltr'>B²R</span> <span class='ocrx_word' id='word_1_219' title='bbox 1872 2152 1892 2209; x_wconf 86' lang='grc' dir='ltr'>Η</span> 
     </span>
     <span class='ocr_line' id='line_1_31' title="bbox 306 2208 1910 2264; baseline 0.001 -13"><span class='ocrx_word' id='word_1_220' title='bbox 306 2212 357 2251; x_wconf 80' lang='lat'>12</span> <span class='ocrx_word' id='word_1_221' title='bbox 391 2223 493 2251; x_wconf 90' lang='lat' dir='ltr'>cum</span> <span class='ocrx_word' id='word_1_222' title='bbox 522 2213 646 2263; x_wconf 65' lang='lat' dir='ltr'>uulgo</span> <span class='ocrx_word' id='word_1_223' title='bbox 685 2222 822 2262; x_wconf 89' lang='lat' dir='ltr'>quam</span> <span class='ocrx_word' id='word_1_224' title='bbox 853 2224 930 2252; x_wconf 86' lang='lat' dir='ltr'>om.</span> <span class='ocrx_word' id='word_1_225' title='bbox 952 2211 1034 2251; x_wconf 89' lang='lat' dir='ltr'>BR</span> <span class='ocrx_word' id='word_1_226' title='bbox 1061 2213 1162 2253; x_wconf 82' lang='lat' dir='ltr'>add.</span> <span class='ocrx_word' id='word_1_227' title='bbox 1185 2212 1208 2251; x_wconf 84' lang='lat' dir='ltr'>b</span> <span class='ocrx_word' id='word_1_228' title='bbox 1323 2211 1446 2250; x_wconf 80' lang='lat' dir='ltr'>latus</span> <span class='ocrx_word' id='word_1_229' title='bbox 1476 2226 1501 2252; x_wconf 78' lang='lat' dir='ltr'>r</span> <span class='ocrx_word' id='word_1_230' title='bbox 1537 2212 1681 2252; x_wconf 86' lang='lat' dir='ltr'>iasius</span> <span class='ocrx_word' id='word_1_231' title='bbox 1711 2212 1736 2252; x_wconf 84' lang='lat' dir='ltr'><em>b</em></span> <span class='ocrx_word' id='word_1_232' title='bbox 1784 2208 1804 2264; x_wconf 83' lang='grc' dir='ltr'>ΙΙ</span> <span class='ocrx_word' id='word_1_233' title='bbox 1854 2224 1910 2252; x_wconf 77' lang='lat' dir='ltr'>ex</span> 
     </span>
    </p>
   </div>
   <div class='ocr_carea' id='block_1_7' title="bbox 1257 2153 1262 2264">
    <p class='ocr_par' dir='ltr' id='par_1_8' title="bbox 1257 2153 1262 2264">
     <span class='ocr_line' id='line_1_32' title="bbox 1257 2153 1262 2264; baseline 0 0"><span class='ocrx_word' id='word_1_234' title='bbox 1257 2153 1262 2264; x_wconf 95' lang='lat' dir='ltr'> </span> 
     </span>
    </p>
   </div>
   <div class='ocr_carea' id='block_1_8' title="bbox 1270 2154 1275 2265">
    <p class='ocr_par' dir='ltr' id='par_1_9' title="bbox 1270 2154 1275 2265">
     <span class='ocr_line' id='line_1_33' title="bbox 1270 2154 1275 2265; baseline 0 0"><span class='ocrx_word' id='word_1_235' title='bbox 1270 2154 1275 2265; x_wconf 95' lang='lat' dir='ltr'> </span> 
     </span>
    </p>
   </div>
   <div class='ocr_carea' id='block_1_9' title="bbox 297 2266 1910 2320">
    <p class='ocr_par' dir='ltr' id='par_1_10' title="bbox 297 2266 1910 2320">
     <span class='ocr_line' id='line_1_34' title="bbox 297 2266 1910 2320; baseline 0.001 -14"><span class='ocrx_word' id='word_1_236' title='bbox 297 2267 418 2317; x_wconf 23' lang='lat' dir='ltr'>&#39;urbe</span> <span class='ocrx_word' id='word_1_237' title='bbox 459 2267 708 2308; x_wconf 80' lang='lat' dir='ltr'>Ermionea</span> <span class='ocrx_word' id='word_1_238' title='bbox 739 2267 935 2320; x_wconf 63' lang='lat' dir='ltr'>Scaliger</span> <span class='ocrx_word' id='word_1_239' title='bbox 974 2279 1159 2307; x_wconf 79' lang='lat' dir='ltr'>exorsus</span> <span class='ocrx_word' id='word_1_240' title='bbox 1198 2266 1466 2307; x_wconf 87' lang='lat' dir='ltr'>harmoniae</span> <span class='ocrx_word' id='word_1_241' title='bbox 1505 2269 1599 2307; x_wconf 90' lang='lat' dir='ltr'>uim</span> <span class='ocrx_word' id='word_1_242' title='bbox 1633 2268 1804 2308; x_wconf 76' lang='lat' dir='ltr'>Grotius</span> <span class='ocrx_word' id='word_1_243' title='bbox 1853 2279 1910 2308; x_wconf 84' lang='lat' dir='ltr'>ex</span> 
     </span>
    </p>
   </div>
   <div class='ocr_carea' id='block_1_10' title="bbox 304 2322 1908 2375">
    <p class='ocr_par' dir='ltr' id='par_1_11' title="bbox 304 2322 1908 2375">
     <span class='ocr_line' id='line_1_35' title="bbox 304 2322 1908 2375; baseline 0 -12"><span class='ocrx_word' id='word_1_244' title='bbox 304 2335 408 2363; x_wconf 87' lang='lat' dir='ltr'>urse</span> <span class='ocrx_word' id='word_1_245' title='bbox 443 2322 594 2375; x_wconf 85' lang='lat' dir='ltr'>(surse</span> <span class='ocrx_word' id='word_1_246' title='bbox 617 2323 677 2375; x_wconf 93' lang='lat' dir='ltr'>B)</span> <span class='ocrx_word' id='word_1_247' title='bbox 713 2325 978 2364; x_wconf 83' lang='lat' dir='ltr'>ermionaea</span> <span class='ocrx_word' id='word_1_248' title='bbox 1011 2322 1311 2373; x_wconf 86' lang='lat' dir='ltr'>(ermioniaea</span> <span class='ocrx_word' id='word_1_249' title='bbox 1330 2323 1385 2375; x_wconf 83' lang='lat' dir='ltr'>R)</span> <span class='ocrx_word' id='word_1_250' title='bbox 1418 2324 1491 2363; x_wconf 85' lang='lat' dir='ltr'>uir</span> <span class='ocrx_word' id='word_1_251' title='bbox 1509 2324 1591 2364; x_wconf 83' lang='lat' dir='ltr'>BR</span> <span class='ocrx_word' id='word_1_252' title='bbox 1624 2337 1678 2364; x_wconf 82' lang='lat' dir='ltr'>ex</span> <span class='ocrx_word' id='word_1_253' title='bbox 1700 2335 1804 2365; x_wconf 81' lang='lat' dir='ltr'>susc</span> <span class='ocrx_word' id='word_1_254' title='bbox 1838 2335 1908 2363; x_wconf 87' lang='lat' dir='ltr'>ar-</span> 
     </span>
    </p>
   </div>
   <div class='ocr_carea' id='block_1_11' title="bbox 302 2376 1908 2826">
    <p class='ocr_par' dir='ltr' id='par_1_12' title="bbox 302 2376 1908 2826">
     <span class='ocr_line' id='line_1_36' title="bbox 303 2376 1908 2434; baseline 0 -15"><span class='ocrx_word' id='word_1_255' title='bbox 303 2380 483 2420; x_wconf 89' lang='lat' dir='ltr'>meniae</span> <span class='ocrx_word' id='word_1_256' title='bbox 513 2380 584 2420; x_wconf 91' lang='lat' dir='ltr'>uir</span> <span class='ocrx_word' id='word_1_257' title='bbox 615 2380 637 2419; x_wconf 85' lang='lat' dir='ltr'>b</span> <span class='ocrx_word' id='word_1_258' title='bbox 684 2377 703 2434; x_wconf 82' lang='grc' dir='ltr'>Η</span> <span class='ocrx_word' id='word_1_259' title='bbox 753 2382 805 2420; x_wconf 89' lang='grc'>14</span> <span class='ocrx_word' id='word_1_260' title='bbox 838 2377 1052 2420; x_wconf 89' lang='grc' dir='ltr'>ΥΛΙΚΟΝ</span> <span class='ocrx_word' id='word_1_261' title='bbox 1087 2378 1199 2432; x_wconf 55' lang='lat' dir='ltr'>AC(</span> <span class='ocrx_word' id='word_1_262' title='bbox 1221 2379 1263 2433; x_wconf 83' lang='lat' dir='ltr'>b)</span> <span class='ocrx_word' id='word_1_263' title='bbox 1280 2377 1705 2422; x_wconf 77' lang='grc' dir='ltr'>ΠΕΡΓΔΕΤΙΚΟΝ·</span> <span class='ocrx_word' id='word_1_264' title='bbox 1738 2376 1908 2421; x_wconf 80' lang='grc' dir='ltr'>ΕΖΛΝ-</span> 
     </span>
     <span class='ocr_line' id='line_1_37' title="bbox 304 2432 1908 2490; baseline 0.001 -15"><span class='ocrx_word' id='word_1_265' title='bbox 304 2433 410 2477; x_wconf 70' lang='lat' dir='ltr'>Tea</span> <span class='ocrx_word' id='word_1_266' title='bbox 431 2432 482 2487; x_wconf 82' lang='lat' dir='ltr'>(C</span> <span class='ocrx_word' id='word_1_267' title='bbox 503 2437 605 2477; x_wconf 78' lang='lat' dir='ltr'>add.</span> <span class='ocrx_word' id='word_1_268' title='bbox 627 2435 669 2487; x_wconf 85' lang='lat' dir='ltr'>b)</span> <span class='ocrx_word' id='word_1_269' title='bbox 689 2434 864 2478; x_wconf 91' lang='grc' dir='ltr'>ΤΙΚΟΝ</span> <span class='ocrx_word' id='word_1_270' title='bbox 897 2436 978 2477; x_wconf 89' lang='lat' dir='ltr'>BR</span> <span class='ocrx_word' id='word_1_271' title='bbox 1012 2432 1031 2488; x_wconf 85' lang='grc' dir='ltr'>Η</span> <span class='ocrx_word' id='word_1_272' title='bbox 1067 2438 1118 2477; x_wconf 88' lang='lat'>15</span> <span class='ocrx_word' id='word_1_273' title='bbox 1149 2433 1600 2478; x_wconf 72' lang='grc' dir='ltr'>ΕΡΜΕΝΕῩΤΙΚΟΝ</span> <span class='ocrx_word' id='word_1_274' title='bbox 1633 2436 1714 2477; x_wconf 88' lang='lat' dir='ltr'>BR</span> <span class='ocrx_word' id='word_1_275' title='bbox 1742 2433 1761 2490; x_wconf 81' lang='grc' dir='ltr'>Η</span> <span class='ocrx_word' id='word_1_276' title='bbox 1789 2432 1908 2476; x_wconf 73' lang='grc' dir='ltr'>ΥΛΙ-</span> 
     </span>
     <span class='ocr_line' id='line_1_38' title="bbox 307 2489 1908 2547; baseline 0 -15"><span class='ocrx_word' id='word_1_277' title='bbox 307 2490 420 2532; x_wconf 91' lang='grc' dir='ltr'>ΚΟΝ</span> <span class='ocrx_word' id='word_1_278' title='bbox 454 2492 537 2532; x_wconf 91' lang='lat' dir='ltr'>BR</span> <span class='ocrx_word' id='word_1_279' title='bbox 583 2489 603 2546; x_wconf 81' lang='grc' dir='ltr'>Η</span> <span class='ocrx_word' id='word_1_280' title='bbox 652 2494 702 2533; x_wconf 84' lang='grc'>17</span> <span class='ocrx_word' id='word_1_281' title='bbox 737 2493 971 2534; x_wconf 87' lang='lat' dir='ltr'>armonica</span> <span class='ocrx_word' id='word_1_282' title='bbox 1000 2491 1081 2532; x_wconf 89' lang='lat' dir='ltr'>BR</span> <span class='ocrx_word' id='word_1_283' title='bbox 1127 2490 1146 2546; x_wconf 82' lang='grc' dir='ltr'>Η</span> <span class='ocrx_word' id='word_1_284' title='bbox 1197 2495 1249 2534; x_wconf 90' lang='grc'>18</span> <span class='ocrx_word' id='word_1_285' title='bbox 1279 2493 1475 2545; x_wconf 87' lang='lat' dir='ltr'>rytmica</span> <span class='ocrx_word' id='word_1_286' title='bbox 1505 2493 1587 2533; x_wconf 91' lang='lat' dir='ltr'>BR</span> <span class='ocrx_word' id='word_1_287' title='bbox 1631 2489 1654 2547; x_wconf 76' lang='grc' dir='ltr'>ΙῙ</span> <span class='ocrx_word' id='word_1_288' title='bbox 1701 2504 1816 2544; x_wconf 85' lang='lat' dir='ltr'>quae</span> <span class='ocrx_word' id='word_1_289' title='bbox 1849 2491 1908 2532; x_wconf 85' lang='lat' dir='ltr'>ad</span> 
     </span>
     <span class='ocr_line' id='line_1_39' title="bbox 302 2545 1889 2603; baseline -0.001 -15"><span class='ocrx_word' id='word_1_290' title='bbox 302 2548 447 2588; x_wconf 86' lang='lat' dir='ltr'>uerba</span> <span class='ocrx_word' id='word_1_291' title='bbox 468 2549 664 2589; x_wconf 80' lang='lat' dir='ltr'>metrica</span> <span class='ocrx_word' id='word_1_292' title='bbox 695 2562 772 2590; x_wconf 89' lang='lat' dir='ltr'>om.</span> <span class='ocrx_word' id='word_1_293' title='bbox 794 2550 832 2590; x_wconf 91' lang='lat' dir='ltr'><em>R</em></span> <span class='ocrx_word' id='word_1_294' title='bbox 860 2546 879 2603; x_wconf 82' lang='lat' dir='ltr'>ss</span> <span class='ocrx_word' id='word_1_295' title='bbox 917 2551 967 2589; x_wconf 89' lang='grc'>19</span> <span class='ocrx_word' id='word_1_296' title='bbox 1000 2546 1444 2591; x_wconf 75' lang='grc' dir='ltr'>ΥΠΕΡΓΛΕΤΙΚΟΝ</span> <span class='ocrx_word' id='word_1_297' title='bbox 1468 2549 1550 2589; x_wconf 89' lang='lat' dir='ltr'>BR</span> <span class='ocrx_word' id='word_1_298' title='bbox 1578 2562 1694 2590; x_wconf 76' lang='lat' dir='ltr'>corr.</span> <span class='ocrx_word' id='word_1_299' title='bbox 1716 2547 1848 2588; x_wconf 80' lang='lat' dir='ltr'>Meib.</span> <span class='ocrx_word' id='word_1_300' title='bbox 1870 2545 1889 2601; x_wconf 84' lang='grc' dir='ltr'>Η</span> 
     </span>
     <span class='ocr_line' id='line_1_40' title="bbox 305 2602 1906 2658; baseline 0.001 -15"><span class='ocrx_word' id='word_1_301' title='bbox 305 2603 485 2656; x_wconf 85' lang='lat' dir='ltr'>quidem</span> <span class='ocrx_word' id='word_1_302' title='bbox 508 2605 560 2644; x_wconf 83' lang='lat' dir='ltr'>br</span> <span class='ocrx_word' id='word_1_303' title='bbox 597 2602 616 2658; x_wconf 73' lang='grc' dir='ltr'>[Ι</span> <span class='ocrx_word' id='word_1_304' title='bbox 654 2608 882 2645; x_wconf 84' lang='lat' dir='ltr'>tractatus</span> <span class='ocrx_word' id='word_1_305' title='bbox 909 2618 993 2657; x_wconf 81' lang='lat' dir='ltr'>pro</span> <span class='ocrx_word' id='word_1_306' title='bbox 1016 2609 1191 2646; x_wconf 80' lang='lat' dir='ltr'>tractus</span> <span class='ocrx_word' id='word_1_307' title='bbox 1222 2607 1329 2646; x_wconf 83' lang='lat' dir='ltr'>coni.</span> <span class='ocrx_word' id='word_1_308' title='bbox 1354 2605 1486 2646; x_wconf 81' lang='lat' dir='ltr'>Meib.</span> <span class='ocrx_word' id='word_1_309' title='bbox 1528 2602 1548 2658; x_wconf 79' lang='grc' dir='ltr'>Η</span> <span class='ocrx_word' id='word_1_310' title='bbox 1586 2607 1638 2646; x_wconf 85' lang='grc'>21</span> <span class='ocrx_word' id='word_1_311' title='bbox 1671 2605 1906 2655; x_wconf 76' lang='lat' dir='ltr'>‘leyendum</span> 
     </span>
     <span class='ocr_line' id='line_1_41' title="bbox 305 2658 1906 2714; baseline 0.001 -14"><span class='ocrx_word' id='word_1_312' title='bbox 305 2673 453 2701; x_wconf 76' lang='lat' dir='ltr'>censeo</span> <span class='ocrx_word' id='word_1_313' title='bbox 478 2658 721 2711; x_wconf 85' lang='grc' dir='ltr'>μελοποιία</span> <span class='ocrx_word' id='word_1_314' title='bbox 740 2659 1022 2714; x_wconf 82' lang='grc' dir='ltr'>ῥυθμοποιία</span> <span class='ocrx_word' id='word_1_315' title='bbox 1042 2673 1234 2714; x_wconf 81' lang='grc' dir='ltr'>ποιηειε</span> <span class='ocrx_word' id='word_1_316' title='bbox 1258 2661 1381 2702; x_wconf 92' lang='lat' dir='ltr'>Melo</span> <span class='ocrx_word' id='word_1_317' title='bbox 1387 2674 1550 2713; x_wconf 86' lang='lat' dir='ltr'>poe1ae</span> <span class='ocrx_word' id='word_1_318' title='bbox 1575 2663 1726 2701; x_wconf 82' lang='lat' dir='ltr'>autem</span> <span class='ocrx_word' id='word_1_319' title='bbox 1747 2663 1906 2712; x_wconf 84' lang='lat' dir='ltr'>partes</span> 
     </span>
     <span class='ocr_line' id='line_1_42' title="bbox 305 2714 1904 2771; baseline -0.001 -15"><span class='ocrx_word' id='word_1_320' title='bbox 305 2719 409 2756; x_wconf 83' lang='lat' dir='ltr'>sunt</span> <span class='ocrx_word' id='word_1_321' title='bbox 428 2721 523 2757; x_wconf 84' lang='lat' dir='ltr'>tres</span> <span class='ocrx_word' id='word_1_322' title='bbox 545 2717 684 2769; x_wconf 70' lang='grc' dir='ltr'>λῆψις</span> <span class='ocrx_word' id='word_1_323' title='bbox 716 2717 815 2770; x_wconf 81' lang='lat' dir='ltr'>(pro</span> <span class='ocrx_word' id='word_1_324' title='bbox 837 2731 917 2771; x_wconf 82' lang='lat' dir='ltr'>quo</span> <span class='ocrx_word' id='word_1_325' title='bbox 938 2719 1004 2759; x_wconf 79' lang='lat' dir='ltr'>hic</span> <span class='ocrx_word' id='word_1_326' title='bbox 1023 2721 1165 2770; x_wconf 81' lang='lat' dir='ltr'>inepte</span> <span class='ocrx_word' id='word_1_327' title='bbox 1197 2715 1330 2769; x_wconf 70' lang='grc' dir='ltr'>λέξις)</span> <span class='ocrx_word' id='word_1_328' title='bbox 1364 2715 1476 2767; x_wconf 71' lang='grc' dir='ltr'>μίξις</span> <span class='ocrx_word' id='word_1_329' title='bbox 1498 2716 1573 2758; x_wconf 81' lang='grc' dir='ltr'>καὶ</span> <span class='ocrx_word' id='word_1_330' title='bbox 1594 2717 1762 2768; x_wconf 76' lang='grc' dir='ltr'>χρῆειε.</span> <span class='ocrx_word' id='word_1_331' title='bbox 1796 2714 1904 2765; x_wconf 78' lang='lat' dir='ltr'>Qua-</span> 
     </span>
     <span class='ocr_line' id='line_1_43' title="bbox 303 2773 1905 2826; baseline 0 -14"><span class='ocrx_word' id='word_1_332' title='bbox 303 2786 394 2813; x_wconf 77' lang='lat' dir='ltr'>rum</span> <span class='ocrx_word' id='word_1_333' title='bbox 408 2775 598 2826; x_wconf 80' lang='lat' dir='ltr'>partium</span> <span class='ocrx_word' id='word_1_334' title='bbox 617 2774 926 2817; x_wconf 77' lang='lat' dir='ltr'>subdiuisz&#39;ones</span> <span class='ocrx_word' id='word_1_335' title='bbox 955 2788 1105 2816; x_wconf 76' lang='lat' dir='ltr'>rursus</span> <span class='ocrx_word' id='word_1_336' title='bbox 1135 2775 1372 2825; x_wconf 79' lang='lat' dir='ltr'>adferendo</span> <span class='ocrx_word' id='word_1_337' title='bbox 1400 2774 1717 2825; x_wconf 75' lang='lat' dir='ltr'>perueniremus</span> <span class='ocrx_word' id='word_1_338' title='bbox 1737 2773 1905 2813; x_wconf 82' lang='lat' dir='ltr'>tandem</span> 
     </span>
    </p>
   </div>
   <div class='ocr_carea' id='block_1_12' title="bbox 304 2825 1904 2941">
    <p class='ocr_par' dir='ltr' id='par_1_13' title="bbox 304 2825 1904 2941">
     <span class='ocr_line' id='line_1_44' title="bbox 305 2825 1904 2883; baseline 0.001 -16"><span class='ocrx_word' id='word_1_339' title='bbox 305 2830 364 2868; x_wconf 82' lang='lat' dir='ltr'>ad</span> <span class='ocrx_word' id='word_1_340' title='bbox 389 2828 593 2881; x_wconf 82' lang='grc' dir='ltr'>πλοκήν’</span> <span class='ocrx_word' id='word_1_341' title='bbox 625 2830 875 2872; x_wconf 74' lang='lat' dir='ltr'>Meibomius</span> <span class='ocrx_word' id='word_1_342' title='bbox 921 2826 940 2882; x_wconf 85' lang='grc' dir='ltr'>Η</span> <span class='ocrx_word' id='word_1_343' title='bbox 994 2830 1250 2883; x_wconf 90' lang='lat' dir='ltr'>moelopeia</span> <span class='ocrx_word' id='word_1_344' title='bbox 1279 2829 1321 2869; x_wconf 91' lang='lat' dir='ltr'><em>B</em></span> <span class='ocrx_word' id='word_1_345' title='bbox 1351 2828 1579 2880; x_wconf 86' lang='lat' dir='ltr'>melopeia</span> <span class='ocrx_word' id='word_1_346' title='bbox 1610 2829 1647 2868; x_wconf 91' lang='lat' dir='ltr'><em>R</em></span> <span class='ocrx_word' id='word_1_347' title='bbox 1702 2825 1721 2882; x_wconf 82' lang='grc' dir='ltr'>Η</span> <span class='ocrx_word' id='word_1_348' title='bbox 1766 2827 1824 2879; x_wconf 90' lang='grc' dir='ltr'>λη</span> <span class='ocrx_word' id='word_1_349' title='bbox 1827 2838 1904 2879; x_wconf 82' lang='grc' dir='ltr'>ψιε</span> 
     </span>
     <span class='ocr_line' id='line_1_45' title="bbox 304 2881 1903 2941; baseline 0.001 -18"><span class='ocrx_word' id='word_1_350' title='bbox 304 2884 550 2928; x_wconf 78' lang='lat' dir='ltr'>Meibomz&#39;us</span> <span class='ocrx_word' id='word_1_351' title='bbox 571 2886 688 2927; x_wconf 82' lang='lat' dir='ltr'>lexis</span> <span class='ocrx_word' id='word_1_352' title='bbox 704 2886 788 2927; x_wconf 86' lang='lat' dir='ltr'>BR-</span> <span class='ocrx_word' id='word_1_353' title='bbox 811 2884 829 2941; x_wconf 82' lang='grc' dir='ltr'>Η</span> <span class='ocrx_word' id='word_1_354' title='bbox 849 2884 1048 2928; x_wconf 88' lang='grc' dir='ltr'>ΠΛΟΚΕ</span> <span class='ocrx_word' id='word_1_355' title='bbox 1070 2887 1111 2927; x_wconf 86' lang='grc' dir='ltr'><em>Β</em></span> <span class='ocrx_word' id='word_1_356' title='bbox 1137 2884 1157 2940; x_wconf 82' lang='grc' dir='ltr'><strong>Η</strong></span> <span class='ocrx_word' id='word_1_357' title='bbox 1195 2881 1667 2927; x_wconf 71' lang='grc' dir='ltr'>ΕΖΑΝΤΕΔΕΤΙΚΟΝ</span> <span class='ocrx_word' id='word_1_358' title='bbox 1691 2883 1733 2923; x_wconf 89' lang='grc' dir='ltr'><em>Β</em></span> <span class='ocrx_word' id='word_1_359' title='bbox 1762 2881 1903 2926; x_wconf 91' lang='grc' dir='ltr'>ΖΛΝ-</span> 
     </span>
    </p>
   </div>
  </div>
 </body>
</html>
