1982 3230
0 0 84 99 7.

793 90 980 131 LIBER
1009 90 1073 131 VI
1607 87 1710 141 197
1854 84 1889 113 “¹

102 246 226 281 uero
263 232 518 280 uernantis
557 230 761 280 aethrae
787 229 992 296 <colore
1027 229 1274 295 fulgebat,
1314 230 1524 296 denique
1562 231 1708 280 etiam

102 304 153 350 in
191 317 336 352 usum
371 315 635 366 germana-e
671 302 826 365 ipsius
851 303 1192 350 Astronomiae
1230 299 1453 350 crebrius
1492 315 1711 350 commo-

104 373 295 428 datum,
333 371 519 436 reliqua
545 385 667 420 uero
693 372 845 420 uariis
874 370 1048 420 illitum
1077 371 1448 420 diuersitatibus
1474 385 1709 421 numero·
1768 400 1770 402 -

99 456 229 501 rum,
257 455 557 506 gnomonum
585 440 721 498 stilis
749 442 1126 492 interstitiorum
1147 441 1424 507 ponderum
1451 456 1710 491 mensura-

61 524 82 556 5
104 527 314 577 rumque
366 512 539 561 formis
585 510 869 561 diuersitate
924 511 1147 561 colorum
1191 512 1377 560 uariata
1435 511 1709 562 renidebat.

103 582 328 648 crepidas
361 582 703 646 peragrandae
729 580 916 631 telluris
943 596 1087 631 causa
1117 580 1416 647 easdemque
1442 586 1712 646 permenso

102 651 223 702 orbe
262 653 496 701 contritas
531 654 710 701 uiatrix
746 652 999 716 infatigata
1036 651 1272 716 gestabat.
1347 666 1473 716 quae
1512 652 1710 717 quidem
1741 661 1825 704 582
1877 648 1882 651 ¹

92 723 320 786 'ingressa
348 730 573 772 senatum
602 722 774 779 deum,
811 721 926 772 licet
954 728 1072 786 quot
1097 721 1253 771 stadia
1282 738 1307 770 e
1333 723 1483 772 terris
1519 723 1570 771 in
1599 738 1710 772 cae-

98 791 201 841 lum
230 798 446 856 quotque
480 792 637 849 ulnas,
667 797 786 855 quot
813 792 1027 857 denique
1054 793 1232 856 digitos
1258 807 1522 857 permensa
1550 794 1612 843 sit
1636 794 1708 842 in-

36 874 79 906 10
101 860 252 913 staret
286 862 571 922 absoluere,
607 870 771 913 tamen
807 862 979 912 Iouiali
1024 863 1405 927 caelestiumque
1453 865 1710 913 maiestate

102 939 324 984 contacta
362 933 422 983 ad
471 933 604 984 illam
642 933 780 982 abaci
825 933 1051 983 renudati
1095 933 1371 983 mensulam
1409 935 1708 999 circumspe-

102 1010 240 1053 ctans
278 1019 504 1054 camerae
542 1004 800 1053 exterioris
837 1010 1065 1052 ornatum
1103 1010 1149 1053 et
1196 1003 1420 1069 laqueata
1465 1003 1710 1054 sideribus

99 1070 337 1140 pala->tia
362 1075 666 1138 properauit.

245 1145 461 1193 constitit
487 1145 690 1193 attonito
718 1152 947 1208 spectans
973 1143 1215 1193 stellantia
1242 1145 1350 1193 uisu

36 1224 78 1255 15
317 1219 364 1263 et
390 1214 554 1263 decuit
581 1215 729 1262 crinis
755 1213 1078 1278 puluereiq'ue
1102 1214 1271 1278 pedes.

245 1286 346 1348 ipsa
378 1284 521 1333 etiam
551 1282 691 1333 laeua
723 1283 931 1347 sphaera
958 1283 1179 1348 fulgebat
1203 1285 1394 1333 honora

314 1353 537 1403 assimilis
563 1354 747 1403 mundo
775 1353 1119 1418 sideribusque
1144 1354 1250 1403 fuit.

243 1437 356 1473 nam
385 1423 560 1488 globus
587 1430 635 1472 et
662 1426 781 1473 circi
807 1438 1058 1489 zonaeque
1085 1439 1142 1474 ac
1168 1423 1351 1489 fulgida
1380 1426 1518 1489 signa

314 1509 439 1544 nexa
466 1495 794 1545 recurrebant
820 1500 924 1544 arte
952 1494 1109 1544 locata
1137 1496 1259 1559 pari.

37 1574 79 1606 20
242 1563 403 1622 telluS,
431 1581 556 1630 quae
582 1565 809 1630 rapidum
838 1566 1110 1615 consistens
1137 1567 1339 1630 suspicit
1366 1565 1555 1623 orbem,
1743 1576 1827 1617 584
1890 1621 1895 1625 ,

315 1637 496 1699 puncti„
511 1637 665 1686 instar
686 1636 848 1685 medio
874 1636 1104 1686 haeserat
1126 1637 1226 1685 ima
1254 1635 1378 1685 loco,

243 1705 372 1755 hanc
398 1710 540 1755 tener
567 1712 614 1755 et
638 1708 811 1755 uitreis
838 1706 1348 1755 circumuolitantibus
1375 1708 1509 1755 auris

314 1790 399 1826 aer
426 1776 757 1840 complectens
783 1775 1109 1826 imbrificabat
1135 1777 1298 1841 aquis:

246 1861 372 1910 quae
397 1851 561 1895 tamen
587 1848 812 1895 inmenso
839 1862 937 1911 quo
967 1848 1180 1910 cingitur
1205 1845 1282 1896 illa
1311 1846 1560 1910 profundo

24 1926 80 1983 ¹525
314 1918 603 1966 interriuata
630 1931 878 1976 marmore
903 1916 1046 1966 tellus
1074 1922 1205 1967 erat:
1495 1938 1500 1942 ·

245 1993 435 2036 texerat
461 1988 675 2036 exterior
702 1989 784 2051 qui
811 1986 963 2051 fulget
990 1986 1204 2036 circulus
1231 1987 1364 2036 orbis

319 2057 533 2106 aetheris
560 2058 772 2107 astrifico
799 2057 981 2107 lumina
1008 2057 1158 2106 multa
1186 2058 1350 2121 peplo.

244 2126 359 2176 hinc
383 2127 564 2176 nitidus
590 2127 790 2177 rutilum
816 2127 959 2177 Titan
986 2128 1309 2178 succenderat
1335 2127 1506 2177 orbem
1743 2139 1827 2180 585

315 2213 528 2261 moxque
552 2200 735 2247 imitata
762 2199 897 2262 pium
924 2198 1081 2248 lactea
1107 2198 1242 2248 Luna
1272 2198 1418 2248 diem.

39 2277 81 2310 30
248 2270 319 2316 sic
346 2267 515 2317 oculos
540 2270 689 2332 igitur
717 2270 890 2319 furuae
916 2269 1261 2333 splendescere
1287 2269 1446 2318 noctis

1742 1126 1825 1166 583
1858 1122 1886 1175 ’ἦ

1733 1184 1815 1222 191
1830 1180 1868 1222 θ’

218 2409 243 2448 3
280 2410 427 2449 uariis
452 2409 622 2452 Grotius
655 2411 803 2452 uersis
823 2410 909 2451 BD
947 2407 955 2464 Ι
1004 2412 1033 2451 4
1063 2411 1415 2463 gnominumque
1436 2409 1477 2448 D
1516 2405 1534 2461 11
1574 2408 1714 2448 inter-

105 2463 342 2504 stitionum
373 2465 440 2505 bD
478 2462 498 2518 {l
536 2468 562 2506 5
591 2468 838 2520 uariegata
858 2465 917 2506 B¹
970 2464 977 2520 Ι
1016 2469 1040 2507 9
1072 2468 1272 2507 instaret
1302 2464 1543 2505 absoluere
1566 2463 1716 2504 Sasiae

104 2520 334 2560 instanter
356 2520 599 2562 absoluere
619 2522 702 2562 BD
731 2523 962 2563 instanter
985 2522 1251 2563 absolueret
1275 2522 1446 2562 Grotius
1477 2517 1497 2574 ss
1529 2521 1578 2559 11
1604 2532 1712 2560 con-

104 2579 255 2617 tracta
276 2577 357 2631 bD,
390 2574 410 2631 Η
461 2578 512 2617 12
544 2590 760 2619 camarae
781 2580 822 2618 D
867 2575 886 2631 Η
924 2579 1203 2619 ‘excelsioris
1225 2577 1373 2618 Susius
1420 2575 1440 2630 ΙΙ
1491 2577 1542 2616 15
1574 2576 1715 2617 crinis

107 2632 158 2673 br
177 2632 268 2673 inis
286 2632 329 2672 B
353 2633 469 2674 crini
488 2635 527 2675 R
556 2633 574 2687 ΙΙ
613 2636 668 2675 20
699 2647 786 2687 quo
807 2634 1015 2675 Heinsius
1035 2636 1079 2675 in
1098 2634 1245 2675 Burm.
1269 2633 1419 2674 Ouidio
1437 2632 1527 2672 III
1543 2645 1585 2684 p.
1599 2634 1654 2672 12
1673 2628 1696 2685 ss
1760 2676 1763 2678 μ

107 2689 302 2742 suscipit
320 2687 422 2731 B¹R
467 2686 488 2744 ΙΙ
536 2692 588 2730 21
616 2704 701 2742 pro
722 2690 942 2731 haeserat
970 2692 1078 2732 coni.
1103 2690 1288 2730 sederat
1307 2690 1512 2730 Heinsius
1551 2684 1570 2740 ΙΙ
1619 2686 1714 2728 ima

106 2744 312 2786 Heinsius
340 2758 435 2787 una
453 2746 537 2787 BR
568 2744 589 2801 Ι]
623 2749 676 2787 22
708 2746 1142 2787 circumuolitabilis
1162 2744 1264 2787 B¹R
1294 2741 1314 2799 ss
1350 2747 1403 2786 28
1433 2745 1509 2785 hic
1529 2742 1647 2784 B¹R¹
1673 2739 1696 2797 ΙΙ

108 2801 162 2840 30
198 2797 345 2852 (oculo
381 2802 673 2855 spledescere
695 2801 831 2854 B¹R¹)
869 2799 891 2857 [l
929 2803 1069 2856 igitur
1090 2802 1254 2843 furuae
1277 2801 1435 2842 oculos
1455 2801 1560 2842 BR:
1580 2798 1715 2841 uerba

108 2860 368 2910 transposuit
396 2859 512 2899 Vulc.
554 2857 574 2913 ΙΙ
