1982 3230
286 103 400 158 232
771 103 1073 146 MARTIANI
1102 103 1422 146 CAPELLAE
1945 0 1982 179 1

296 247 347 295 in
383 251 604 295 extremo
632 244 786 308 Syrtis
824 259 1005 300 cornu,
1041 243 1128 293 ubi
1163 245 1491 310 Hesperidum
1525 245 1682 304 horti,
1718 247 1904 298 fluuius

294 316 512 370 Lethon,
540 313 684 363 lucus
711 329 874 370 sacer,
904 314 1042 364 abest
1067 329 1092 363 a
1121 315 1262 379 Lepti
1299 317 1533 366 trecentis
1556 315 1900 382 <septuaginta

294 386 514 448 quinque
541 383 757 433 milibus,
835 383 895 433 ab
924 400 979 434 ea
1004 385 1211 434 Arsinoe
1238 386 1560 450 quadraginta
1591 387 1750 437 tribus
1774 386 1900 437 mili-

293 454 387 504 bus
425 461 472 503 et
498 454 732 519 deinceps
756 454 1018 504 Ptolemais
1057 456 1229 518 uiginti
1255 455 1471 516 duobuS‚
1512 456 1784 522 proculque
1809 457 1899 508 Ca-

293 524 581 573 tabathmon
628 531 676 573 et
709 525 1029 575 Marmarides
1078 532 1126 574 et
1168 525 1218 573 in
1264 540 1348 575 ora
1386 526 1542 591 Syrtis
1582 526 1898 576 Nasamones.
1943 544 1967 578 5

295 595 474 644 deinde
510 595 742 644 Mareotis
778 595 1143 645 Paraetonium.
1218 596 1331 644 inde
1365 597 1482 661 Apis
1506 597 1711 662 Aegypti
1744 596 1898 654 locuS‚

295 680 322 713 a
358 681 455 729 quo
491 665 838 714 Paraetonium
885 666 935 714 in
974 667 1222 729 sexaginta
1264 666 1458 717 duobus
1495 667 1708 716 milibus,
1783 667 1900 716 inde

209 758 212 761 ·
293 734 596 784 Alexandrea
627 735 853 784 ducentis
879 735 1090 784 milibus,
1139 738 1286 784 totius
1312 743 1475 786 autem
1501 738 1696 787 Africae
1722 753 1749 786 a
1773 737 1900 786 mari

291 804 533 854 Atlantico
561 820 671 854 cum
699 805 935 855 inferiore
961 807 1179 872 Aegypto
1206 808 1373 856 tricies
1401 808 1722 872 quadraginta
1747 807 1896 863 milia,

294 875 355 923 ab
385 875 582 924 Oceano
609 875 669 924 ad
693 876 1039 939 Carthaginem
1075 891 1303 940 magnam
1327 878 1561 927 undecies
1586 876 1758 926 milies,
1836 876 1896 926 ab
1921 894 1965 927 10

293 961 349 994 ea
384 945 443 993 ad
491 945 745 1009 Canopum
790 945 885 994 Nili
930 948 1211 1009 proximum
1257 949 1435 996 ostium
1482 949 1699 998 sedecies
1743 946 1900 996 milies

292 1016 537 1078 octoginta
564 1021 675 1064 octo
701 1014 851 1064 milia.

179 1130 262 1170 673
434 1113 645 1162 Interior
695 1117 856 1162 autem
901 1113 1067 1163 Africa
1119 1115 1176 1162 ad
1223 1115 1478 1164 meridiem
1526 1129 1702 1164 uersus
1743 1115 1897 1164 inter-

291 1183 608 1233 uenientibus
635 1183 840 1233 desertis
868 1183 1016 1233 habet
1040 1184 1429 1248 Leucaethiopes
1454 1185 1669 1247 Nigritas
1696 1190 1744 1234 et
1768 1191 1898 1234 cete-

292 1268 376 1303 ros
401 1259 745 1303 monstruosae
772 1255 1017 1311 nouitatis,
1046 1260 1157 1317 post
1178 1270 1303 1318 quos
1328 1255 1617 1305 solitudines
1638 1254 1897 1318 fugiendae
1921 1271 1966 1304 15

293 1323 355 1371 ad
393 1324 634 1372 orientem
671 1339 862 1372 uersus,
942 1323 1122 1374 fluuius
1149 1325 1297 1388 Niger
1335 1327 1436 1374 eius
1473 1327 1611 1375 cuius
1648 1325 1785 1374 Nilus
1825 1329 1899 1373 est

295 1407 503 1456 prorsus
538 1398 759 1443 naturae.
822 1394 952 1442 inter
980 1394 1265 1443 solitudines
1293 1395 1512 1461 degunt>
1538 1395 1784 1452 Atlantes,
1813 1395 1898 1458 qui

142 1479 276 1520 2186
295 1461 457 1527 neque
493 1461 591 1510 ulla
626 1464 753 1512 inter
788 1479 840 1512 se
882 1465 1080 1513 nomina
1118 1464 1302 1513 habent
1337 1471 1384 1513 et
1422 1464 1523 1514 Soli
1558 1467 1895 1529 inprecantur,

295 1532 427 1597 quod
455 1548 538 1581 eos
576 1548 687 1581 cum
723 1533 967 1583 messibus
1002 1549 1197 1596 semper
1225 1534 1466 1583 amburat.
1542 1535 1594 1583 hi
1628 1549 1897 1598 numquam

181 1619 265 1659 674
295 1605 543 1650 somniare
573 1603 813 1652 uidentur.
891 1603 1200 1668 Trogodytae
1227 1606 1275 1652 in
1302 1604 1548 1666 specubus
1574 1610 1775 1653 manent
1809 1618 1893 1652 ue·
1918 1621 1965 1653 20

295 1678 599 1735 scunturque
627 1673 938 1736 serpentibus
964 1674 1273 1737 striduntque
1299 1675 1462 1736 potius
1483 1689 1627 1738 quam
1654 1673 1898 1723 locuntur.

295 1743 617 1792 Garamantes
660 1742 811 1806 uulgo
867 1744 1061 1792 feminis
1114 1746 1218 1793 sine
1267 1745 1579 1793 matrimonio
1630 1745 1896 1792 sociantur.

292 1811 496 1874 Augilae
540 1812 728 1861 inferos
773 1812 955 1862 colunt.
1033 1815 1379 1878 Campasantes
1428 1813 1546 1862 nudi
1596 1820 1643 1862 et
1689 1812 1899 1862 inbelles

406 1980 431 2028 s
461 1980 543 2020 673
576 1992 631 2020 ex
650 1979 801 2021 Plinio
822 1981 861 2020 V
882 1983 1049 2022 43—45
1097 1979 1116 2035 Η
1165 1983 1189 2031 s
1220 1983 1303 2022 674
1336 1995 1390 2021 ex
1409 1970 1561 2022 Plinio
1583 1982 1623 2022 V
1642 1982 1698 2022 45
1720 1984 1766 2021 et
1784 1982 1840 2021 46

406 2148 429 2186 1
464 2147 721 2199 esperidum
743 2147 825 2187 BR
863 2144 882 2201 Η
922 2150 947 2186 2
977 2148 1102 2188 leton
1123 2148 1204 2188 BR
1233 2149 1366 2188 lecon
1386 2149 1409 2188 b
1449 2146 1469 2202 Η
1507 2152 1531 2189 3
1563 2149 1776 2190 arasinoe
1798 2149 1838 2187 D
1858 2145 1879 2202 Π

289 2201 476 2242 milibus
507 2215 584 2244 om.
616 2204 656 2242 D
713 2199 731 2255 Η
779 2205 807 2242 4
844 2203 1091 2255 ptolomais
1121 2203 1206 2242 BD
1263 2201 1284 2257 Η
1344 2204 1703 2244 catabatmonB
1733 2204 1895 2244 cath&

290 2258 515 2299 bahtmon
543 2259 584 2297 D
633 2255 652 2311 Η
700 2259 725 2298 6
755 2260 973 2299 mareotis
1002 2258 1044 2298 B
1075 2261 1322 2299 maraeotis
1353 2260 1376 2298 b
1415 2260 1630 2300 mametis
1652 2261 1692 2299 D
1740 2256 1760 2312 ΙΙ
1807 2272 1891 2311 pa-

291 2314 514 2354 retonium
546 2315 586 2354 D
617 2315 918 2354 maretonium
951 2315 992 2354 B
1027 2311 1045 2368 Η
1087 2315 1140 2369 ,ἰῃ
1169 2315 1212 2354 Β
1245 2312 1264 2368 ΙΙ
1298 2317 1324 2355 8
1355 2314 1550 2355 ducenta
1586 2315 1718 2355 milia
1747 2316 1893 2355 totius

292 2371 314 2410 b
343 2367 362 2424 ss
389 2372 414 2410 9
448 2370 704 2411 athlantico
726 2370 792 2410 Db
826 2370 1093 2411 athlantoco
1113 2371 1155 2409 B
1187 2373 1339 2411 deinde
1362 2373 1581 2411 circuitus
1611 2370 1632 2412 l
1652 2370 1893 2423 longitudo

292 2427 393 2466 add.
417 2427 440 2466 b
489 2423 508 2479 Η
555 2426 717 2466 tricies
749 2429 791 2466 in
819 2428 860 2466 D
903 2429 987 2478 leyz'
1023 2428 1142 2477 falso
1181 2433 1308 2478 neyat
1341 2427 1541 2479 Koppius
1597 2424 1615 2481 Η
1656 2429 1709 2467 10
1740 2430 1890 2466 carta-

293 2497 446 2547 ginem
467 2497 508 2535 D
541 2492 562 2549 Ι]
601 2495 660 2535 ad
680 2509 757 2536 om.
778 2494 837 2535 B¹
872 2493 890 2550 Η
927 2498 977 2536 11
1009 2496 1208 2536 hostium
1229 2496 1314 2536 BD
1349 2493 1367 2548 Η
1405 2497 1823 2538 XVI.XXVIIIM
1843 2509 1888 2548 p.

289 2553 455 2592 Plinius
482 2553 525 2592 V
541 2554 597 2591 40
618 2557 732 2592 εει-ιν.
782 2549 803 2605 H
852 2554 904 2592 14
935 2553 1245 2605 leucoetiopes
1275 2552 1317 2591 B
1354 2552 1698 2605 leucoethiopes
1730 2552 1755 2591 b
1790 2550 1888 2591 leu-

292 2607 534 2660 cathiopes
575 2609 615 2647 D
672 2604 691 2660 [1
746 2608 945 2660 nigratis
974 2607 1033 2647 B¹
1092 2605 1111 2661 Η
1170 2609 1220 2647 16
1267 2611 1397 2648 locum
1425 2615 1542 2648 recte
1573 2609 1771 2648 distinxit
1799 2607 1890 2646 Lil-

293 2663 465 2704 declcius
511 2660 531 2717 Ι]
582 2665 634 2703 17
666 2663 874 2704 aclantes
904 2665 943 2704 R
982 2664 1186 2704 aclactes
1216 2663 1276 2702 B¹
1324 2661 1346 2716 H
1404 2666 1456 2704 19
1492 2663 1595 2703 hiel)
1641 2660 1661 2716 Η
1708 2665 1763 2703 20
1798 2666 1890 2703 tro-

292 2718 480 2771 goditae
511 2720 536 2759 b
573 2719 855 2770 trogloditae
885 2719 928 2758 B
961 2719 1252 2771 troglodytae
1280 2720 1320 2759 R
1365 2716 1386 2773 Η
1433 2721 1485 2759 21
1517 2719 1714 2759 stridunt
1742 2731 1891 2770 neque

290 2774 351 2813 B¹
398 2772 419 2828 Π
462 2775 710 2827 loquuntur
739 2775 763 2815 b
808 2773 827 2828 11
865 2777 919 2816 23
949 2775 1157 2828 Angylae
1188 2777 1350 2815 Plinius
1388 2775 1594 2827 autgilae
1615 2774 1697 2815 BR
1727 2777 1892 2827 autgu—

283 2829 365 2869 lae
396 2844 420 2869 r
466 2828 487 2884 H
537 2831 905 2883 Gamphasantes
935 2832 1099 2872 Plinius
1135 2828 1157 2885 Η
