1982 3230
201 560 283 601 872

310 130 416 183 324
788 128 1088 171 MARTIANI
1120 128 1438 172 CAPELLAE

312 270 523 337 ευνόδῳ
562 268 726 337 νοτίῳ
762 269 936 319 secisse
974 269 1177 326 dicitur;
1215 272 1255 319 si
1281 276 1445 320 autem
1471 271 1529 321 ad
1570 271 1783 322 solarem>
1815 275 1912 322 cir-

314 341 476 391 culum
525 342 731 391 ueniens
775 340 836 389 ab
876 347 1043 389 austro
1081 340 1324 390 obstiterit
1359 340 1483 398 Soli,
1533 340 1920 407 ἀναβιβάζοντα

315 410 605 473 εύνδεεμον
652 411 830 460 fecisse
877 410 1070 460 dicitur.
1145 412 1238 460 hae
1283 413 1473 475 species
1515 412 1918 478 diuersitatesque

315 482 482 530 Lunae
509 496 718 546 superae
747 480 1082 530 mutabilitatis
1109 482 1346 530 uarietate
1373 482 1696 532 confundunt.

456 551 578 600 Nam
607 551 771 600 Solem
800 552 997 614 gemino
1026 551 1235 600 diximus
1262 567 1427 602 meare
1452 560 1605 602 motu.
1646 554 1829 619 quippe
1856 552 1917 602 ab
1962 567 1982 601 5

315 627 426 671 ortu
453 628 535 671 aut
562 637 674 670 cum
714 622 899 670 mundo
928 622 1210 686 corripitur,
1251 629 1334 672 aut
1369 623 1473 688 ipse
1501 639 1644 672 suum
1681 622 1918 673 circulum

316 699 486 742 contra
514 692 750 741 mundum
779 707 869 756 per
890 691 1086 756 obliqua
1111 692 1356 741 distendit.
1409 708 1583 742 uerum
1605 709 1662 743 ex
1684 709 1740 743 ea
1760 700 1917 758 parte,

316 778 410 827 qua
439 778 552 811 cum
578 762 763 811 mundo
795 762 1025 820 uoluitur,
1054 763 1249 812 cottidie
1279 770 1415 812 ortus
1441 764 1515 812 sui
1541 763 1721 813 lineam
1749 769 1918 820 mutat,

316 841 364 882 et
390 834 621 895 quoniam
660 848 831 883 omnes
858 833 1035 882 ductus
1062 848 1152 897 per
1179 848 1300 897 quos
1335 833 1551 883 uoluitur
1588 833 1800 883 circulos
1835 848 1919 898 ap-

315 901 573 966 pellamuS‚
604 910 800 952 centum
829 903 1075 966 octoginta
1101 909 1204 951 tres
1231 903 1428 952 eosdem
1457 919 1563 954 esse
1591 903 1793 953 dubium
1821 918 1919 953 non
1944 918 1982 950 ιο

316 972 544 1022 habetur.
633 988 744 1022 nam
792 975 896 1023 siue
942 989 969 1022 a
1011 972 1200 1022 Cancro
1245 973 1536 1030 descendat,
1587 989 1678 1038 per
1722 975 1922 1024 eosdem

317 1059 473 1108 usque
501 1044 557 1092 ad
587 1043 861 1093 brumalem
888 1042 1127 1092 circulum
1155 1044 1326 1099 currit,
1355 1045 1457 1092 siue
1484 1059 1509 1092 a
1536 1043 1711 1094 bruma
1748 1046 1798 1093 in
1823 1043 1922 1093 sol-

107 1100 113 1106 ⁴
166 1120 299 1163 2956?
321 1115 504 1164 stitium
541 1115 733 1170 ueniat,
780 1129 869 1178 per
903 1115 1036 1177 ipsos
1073 1113 1234 1162 denuo
1270 1113 1567 1170 reuoluitur,
1607 1117 1691 1179 qui
1725 1114 1924 1180 quidem

206 1822 293 1863 873

318 1191 540 1233 secantes
567 1185 784 1234 secundo
812 1185 1064 1233 zodiacum
1086 1185 1344 1234 contrariis
1371 1186 1522 1247 signis
1542 1191 1782 1249 perpetuo
1803 1183 1923 1234 line-

320 1262 479 1304 antur.
556 1270 668 1304 nam
710 1256 898 1319 primus
936 1255 1112 1303 Arietis
1149 1253 1362 1303 circulus
1397 1255 1584 1317 primus
1623 1262 1695 1304 est
1726 1254 1920 1311 Librae,
1946 1267 1982 1301 15

318 1327 435 1374 item
470 1326 717 1374 secundus
752 1325 1014 1382 secunduS,
1043 1325 1217 1373 Arietis
1243 1326 1523 1374 tricesimus
1547 1326 1826 1374 tricesimus
1852 1331 1926 1373 est

321 1395 515 1451 Librae,
544 1396 660 1445 item
683 1395 832 1443 Tauri
851 1395 990 1459 prior
1011 1395 1294 1458 Scorpionis
1322 1403 1396 1443 est
1422 1396 1627 1458 primus.
1681 1396 1750 1444 sic
1776 1395 1924 1457 igitur

322 1466 556 1514 trecentis
602 1467 852 1528 sexaginta
890 1480 974 1514 sex
1020 1464 1240 1528 partibus
1285 1464 1406 1513 fiunt
1441 1470 1639 1513 centum
1678 1466 1923 1527 octoginta

319 1542 422 1585 tres
449 1535 632 1592 circuli,
660 1550 785 1599 quos
812 1549 982 1584 omnes
1007 1533 1265 1598 parallelos
1291 1533 1617 1598 appellamus,
1648 1541 1696 1584 et
1722 1549 1778 1584 ex
1808 1549 1925 1583 con-

322 1607 500 1662 trario,
539 1612 591 1654 ut
629 1605 754 1660 dixi,
792 1606 929 1668 signa
963 1605 1120 1653 isdem
1156 1603 1377 1668 partibus
1414 1610 1597 1653 secant.
1675 1619 1793 1668 ergo
1831 1605 1921 1653 bos
1945 1619 1982 1652 20

325 1674 539 1724 circulos
585 1690 775 1724 annuos
824 1675 1059 1724 trecentis
1105 1675 1356 1737 sexaginta
1400 1677 1617 1739 quinque
1663 1674 1834 1724 diebus
1878 1683 1925 1723 et

324 1745 596 1810 quadrante
619 1745 714 1794 diei
733 1746 923 1809 peragit
949 1747 1054 1794 siue
1081 1744 1140 1793 ad
1162 1743 1465 1793 solstitialem
1494 1743 1732 1794 circulum
1757 1744 1928 1794 tendat

324 1817 429 1865 siue
457 1816 632 1864 exinde
670 1822 967 1865 reuertatur.
1042 1813 1159 1863 illud
1187 1816 1331 1863 etiam
1370 1829 1469 1863 non
1504 1815 1766 1864 tacendum
1795 1814 1924 1879 quod

326 1901 439 1935 cum
461 1886 558 1934 duo
578 1887 675 1934 sint
700 1885 1077 1948 hemisphaeria,
1106 1899 1258 1933 unum
1285 1885 1345 1934 ab
1372 1885 1715 1950 aequinoctiali
1741 1884 1926 1934 circulo

323 1957 374 2004 in
401 1956 800 2020 septentrionem,
829 1954 956 2004 aliud
979 1956 1026 2003 in
1047 1961 1267 2004 austrum
1295 1954 1354 2004 ab
1377 1955 1549 2004 eodem
1570 1954 1924 2019 aequinoctiali,
1949 1969 1982 2012 2⁵

323 2032 488 2075 tamen
514 2025 598 2075 Sol
624 2025 817 2074 diuersa
846 2031 1108 2089 utrumque
1135 2024 1359 2089 <ratione
1386 2031 1704 2081 transcurrat,
1735 2040 1846 2074 cum
1874 2030 1928 2073 ut

328 2096 425 2144 dixi
455 2097 591 2159 paria
618 2096 713 2143 sint
747 2096 883 2158 signa
911 2097 1065 2158 partis
1091 2096 1361 2158 utriusque.
1426 2110 1602 2144 uerum
1629 2095 1677 2144 id
1705 2095 1837 2161 quod
1865 2094 1926 2144 ad

326 2164 627 2214 solstitialem
656 2167 910 2226 consurgit
936 2170 1134 2213 centum
1168 2166 1413 2228 octoginta
1441 2167 1657 2230 quinque
1683 2164 1859 2215 diebus
1881 2170 1929 2213 et

328 2314 681 2358 ΝΟΛΟΝΟΤΙω
703 2318 740 2357 R
779 2313 798 2370 [ἰ
836 2319 861 2356 2
893 2317 1095 2358 anabiba
1116 2314 1604 2359 ΖΟΝΕΨΝΑΕΕΜΟΝ
1629 2318 1671 2358 Β
1701 2318 1927 2359 anabiba-

327 2387 413 2414 zon
447 2370 798 2419 CYNAeCmON
831 2373 869 2413 R
890 2386 1004 2415 corr.
1027 2373 1153 2414 Salm.
1194 2370 1212 2427 ΙΙ
1260 2376 1288 2414 4
1318 2387 1512 2428 superae
1543 2374 1867 2415 mutabilitatis
1894 2388 1927 2427 p

327 2432 399 2470 sui
437 2429 698 2470 martalitas
730 2428 811 2469 BR
849 2429 921 2468 sui
958 2430 1167 2470 mortatis
1198 2430 1221 2469 b
1260 2430 1329 2470 sui
1359 2429 1568 2470 martalis
1598 2444 1622 2470 r
1659 2427 1679 2484 Η
1726 2431 1752 2471 5
1784 2430 1930 2472 solem

327 2487 377 2527 br
421 2485 489 2526 sol
521 2498 654 2537 quem
685 2484 766 2524 BR
831 2481 850 2538 [Ι
919 2486 969 2525 11
1002 2485 1291 2526 descenderit
1319 2487 1343 2527 b
1398 2483 1418 2540 ΙΙ
1477 2488 1527 2526 12
1565 2486 1781 2527 discurrit
1810 2487 1834 2527 b
1890 2484 1911 2540 Η

326 2543 532 2583 brumma
553 2539 612 2581 B¹
652 2538 672 2595 ss
709 2540 998 2581 solstitialem
1028 2542 1051 2582 b
1091 2538 1110 2594 Η
1151 2543 1202 2582 15
1230 2542 1375 2582 librae
1397 2544 1509 2583 item
1541 2543 1701 2583 arietis
1723 2542 1820 2593 (hoc
1835 2540 1927 2585 uoc-

297 2636 311 2648 ,
329 2600 372 2638 in
404 2597 514 2648 ras.)
547 2597 807 2637 tricesimus
847 2597 958 2637 item
988 2599 1111 2637 tauri
1141 2598 1263 2651 prior
1293 2598 1335 2638 B
1382 2598 1532 2639 librae
1562 2599 1672 2638 item
1703 2598 1928 2639 secundus

330 2654 555 2694 secundus
585 2654 698 2693 item
736 2652 899 2693 arietis
929 2653 1189 2694 tricesimus
1226 2654 1485 2695 tricesimus
1523 2657 1598 2694 est
1632 2653 1779 2695 librae
1817 2654 1928 2694 item

330 2709 454 2749 tauri
482 2709 607 2762 prior
637 2709 661 2748 b
709 2708 858 2749 librae
890 2710 1000 2749 item
1033 2709 1256 2750 secundus
1288 2723 1343 2750 ae
1373 2711 1630 2751 tricesimus
1659 2710 1773 2750 item
1804 2712 1929 2751 tauri

329 2765 453 2817 prior
473 2765 511 2805 R
549 2761 568 2817 Η
606 2766 662 2805 20
691 2764 867 2805 hisdem
888 2764 969 2805 BR
1005 2761 1025 2819 Η
1059 2771 1161 2817 post
1182 2777 1290 2817 ergo
1310 2768 1411 2808 add.
1433 2766 1503 2806 bis
1525 2765 1575 2804 br
1611 2762 1618 2818 Ι
1669 2767 1723 2805 22
1754 2768 1926 2807 triente

331 2821 422 2860 diei
443 2820 484 2859 B
514 2833 628 2862 corr.
646 2834 677 2872 p
709 2824 874 2872 quarta
904 2821 998 2860 diei
1028 2824 1159 2873 parte
1191 2821 1215 2860 b
1254 2822 1380 2861 XXX
1411 2821 1504 2861 diei
1535 2821 1571 2862 R
1629 2818 1639 2875 Ι
1685 2823 1741 2862 24
1770 2822 1827 2862 ab
1849 2835 1928 2865 om.

332 2873 430 2916 B¹R
477 2873 495 2929 Η
547 2875 710 2917 circuli
739 2875 840 2918 B¹R
888 2873 908 2930 ΙΙ
954 2877 1008 2917 28
1040 2877 1306 2929 octoaginta
1338 2879 1376 2917 D
1413 2874 1432 2930 Η
