1982 3230
0 437 12 475 ἶ

0 540 65 590 .’5

3 882 67 941 ἰο
115 901 118 904 ’

28 1258 69 1291 15

27 1611 73 1643 20

0 0 116 305 F
163 96 165 98 ’
745 117 932 160 LIBER
962 118 1003 159 v
1589 111 1690 164 193

31 260 34 261 ⁷
79 263 380 326 aduersariis
405 261 633 311 irascitur
650 265 732 309 aut
754 260 848 308 tuis
867 259 1129 308 miseretur
1149 257 1365 308 lacrimis
1385 262 1467 306 aut
1486 269 1689 304 reorum

85 333 402 385 afflictatione
428 337 702 380 commotus
729 333 839 379 est.'

226 403 398 454 Adhuc
423 401 671 450 adserenti
695 401 854 449 innuit
877 401 982 463 ipse
1010 397 1255 464 Cyllenius
1283 403 1336 446 ut
1362 397 1421 446 ad
1457 397 1688 445 termina-
1715 408 1844 449 1876?

3 496 6 497 ⁷
89 480 247 524 tarum
274 479 468 523 coetum
494 470 822 536 nubentisque
848 470 1080 519 transiret
1100 468 1406 532 obsequium.
1457 481 1554 530 quo
1576 480 1692 515 con·

89 550 256 609 specto
283 547 466 592 asserta
494 542 827 591 determinans
853 540 914 589 ad
929 537 1227 600 philologiae
1255 551 1545 586 consessum
1571 536 1695 585 fidu-

88 616 161 665 cia
185 614 491 679 promptiore
527 613 746 676 perrexit
772 612 973 675 eiusque
1008 609 1248 658 uerticem
1274 606 1555 657 deosculata
1582 621 1696 655 cum

87 682 481 735 sonitu—nihil
518 684 645 732 enim
683 681 832 732 silens
870 695 926 730 ac
951 681 991 728 si
1028 677 1270 743 cuperet>
1297 676 1694 727 faciebat—so-

89 770 265 805 rorum
292 770 344 804 se
371 754 618 804 consortio
646 752 964 815 societatique
991 749 1292 814 permiscuit.

341 824 556 874 Tandem
595 823 815 888 loquacis
853 822 1113 871 terminata
1150 819 1357 884 paginae

342 901 525 945 asserta
565 894 762 950 cursim,
804 907 929 957 quae
968 897 1133 941 tamen
1170 889 1432 939 uoluminis

343 967 423 1015 uix
464 963 749 1014 umbichm
788 962 940 1011 multa
980 968 1207 1026 opertum
1246 960 1406 1009 fascea

344 1042 546 1099 turgore
583 1035 782 1100 pinguis
819 1035 970 1082 insuit
1006 1031 1322 1081 rubellulum.

346 1105 479 1169 quod
516 1107 558 1154 si
594 1104 835 1170 probatur
874 1110 922 1153 et
960 1109 1095 1152 caret
1132 1101 1340 1158 fastidio,

345 1191 445 1225 non
482 1174 616 1224 nulla
653 1180 849 1238 promet
886 1188 1010 1238 quae
1050 1171 1246 1222 nouella
1284 1172 1436 1220 texuit

346 1246 592 1310 diditaque
630 1245 749 1294 fient
787 1259 911 1308 quae
949 1248 1166 1292 uetustas
1201 1242 1461 1306 praeterit:

352 1318 426 1365 sin
465 1331 617 1364 sanna
656 1315 793 1379 typhi
829 1315 963 1362 naris
1000 1314 1156 1361 imum
1196 1313 1417 1367 torseriS‚

347 1386 532 1449 pigebit
570 1400 706 1434 arma
742 1384 998 1434 horruisse
1037 1382 1251 1438 caelites,

344 1456 722 1520 formidinisque
761 1460 876 1504 tunc
913 1454 1052 1503 locus
1090 1452 1389 1510 monebitur,

347 1526 559 1582 Siluane‚
602 1525 774 1575 falcem
817 1540 928 1574 cum
965 1526 1093 1589 petis
1132 1523 1426 1573 Saturniam.

349 1604 398 1646 at
435 1604 488 1646 tu
524 1596 800 1646 reclamans
838 1595 1098 1644 rhetorum
1137 1596 1334 1644 turbam
1372 1591 1491 1642 tuba

351 1667 582 1731 clangore
624 1682 769 1716 uerso
797 1664 1020 1715 Tulliana
1057 1678 1363 1730 percrepans

347 1738 397 1786 in
437 1744 596 1787 castra
637 1736 807 1793 abibis,
849 1751 944 1800 quo
983 1751 1076 1784 nec
1115 1750 1230 1783 osor
1266 1732 1493 1782 inuideas

349 1823 443 1856 nec
479 1807 607 1856 liuor
647 1813 752 1856 ater
791 1812 839 1855 te
876 1813 1108 1871 sequatur
1139 1802 1440 1869 praecluem.

215 1977 238 2016 1
271 1988 450 2016 reorum
480 1977 639 2028 scripsi
679 1987 828 2016 rerum
857 1974 940 2015 BD
988 1972 1008 2028 ΙΙ
1056 1976 1081 2014 2
1128 1974 1436 2014 afflictatione
1464 1972 1551 2011 BD
1591 1970 1706 2012 affli-

103 2033 254 2074 ctione
277 2032 300 2071 b
326 2028 346 2086 [1
376 2035 623 2072 commotus
645 2034 694 2071 st’
712 2030 797 2083 (uel
815 2030 874 2083 si)
899 2030 1049 2071 adhuc
1068 2029 1112 2071 B
1144 2032 1396 2070 commotus
1418 2028 1484 2069 sic
1508 2027 1710 2068 adhucD

107 2091 429 2130 commonetur.
462 2087 544 2128 sed
566 2087 714 2127 adhuc
735 2087 759 2127 b
793 2083 814 2141 ss
847 2089 873 2129 3
903 2088 1064 2127 innuet
1079 2085 1139 2126 B¹
1166 2082 1190 2141 Π
1222 2086 1575 2127 terminatarum
1597 2082 1712 2136 (scil.

104 2142 469 2198 disciplinarum)
493 2145 517 2184 b
547 2144 794 2184 tminarum
813 2157 928 2184 corr.
952 2145 1039 2184 alia
1059 2157 1110 2186 m.
1131 2145 1159 2183 2
1180 2144 1224 2183 in
1253 2142 1531 2183 feminarum
1550 2140 1594 2181 B
1635 2141 1707 2182 fe-

103 2201 329 2242 minarum
349 2202 390 2241 D
441 2197 448 2254 Ι
485 2202 514 2241 4
543 2201 860 2253 nubentesque
876 2199 937 2240 B¹
1037 2202 1089 2241 13
1112 2199 1191 2252 qui
1211 2199 1250 2239 si
1269 2198 1308 2238 Β
1329 2198 1432 2251 quis
1455 2199 1496 2238 si
1510 2195 1567 2237 R¹
1590 2209 1709 2249 quae

104 2258 146 2299 si
173 2257 370 2298 Halmius
417 2253 424 2311 Ι
485 2258 538 2297 14
567 2256 783 2297 nonuella
811 2255 929 2297 B¹R¹
1044 2257 1096 2297 15
1128 2255 1366 2307 diditaque
1386 2254 1430 2294 B
1461 2252 1712 2305 deditaque

103 2315 143 2355 R
162 2309 182 2368 [l
210 2314 262 2353 16
293 2312 374 2365 tyfi
390 2313 432 2353 B
453 2312 521 2353 tifi
537 2314 575 2354 R
602 2310 620 2367 l}
656 2314 846 2354 torserit
864 2312 888 2352 b
916 2309 936 2366 {l
965 2311 1057 2364 (sin
1078 2325 1226 2352 sanna
1246 2311 1438 2364 typhum
1458 2322 1572 2350 nare
1594 2310 1712 2350 sima

102 2370 341 2410 intorserit
355 2370 563 2411 Heinsius
583 2370 643 2410 ad
652 2368 772 2410 Ouid.
787 2369 960 2410 Metam.
980 2368 1146 2408 XIIII
1165 2365 1239 2420 95)
1272 2364 1293 2422 [1
1327 2369 1383 2408 20
1404 2366 1586 2407 turbam
1602 2365 1713 2405 Hal·

105 2427 234 2466 mins:
264 2437 341 2465 om.
362 2424 404 2464 B
436 2437 618 2465 scarum
638 2425 702 2465 ΒΖ)
749 2421 768 2478 Η
815 2427 868 2465 22
899 2438 986 2465 nec
1008 2424 1049 2464 B
1069 2426 1148 2465 sed
1170 2436 1223 2464 eo
1251 2426 1296 2464 in
1322 2435 1410 2463 ras.
1451 2419 1472 2476 ss
1510 2424 1564 2463 23
1595 2421 1714 2462 libor

105 2479 224 2521 B¹R¹
272 2477 292 2535 Ι]
338 2482 393 2520 24
423 2481 724 2522 MARTIANI
750 2481 972 2522 MINNEI
998 2479 1243 2520 FELICIS
1276 2477 1599 2520 CAPELLAE
1628 2477 1712 2518 DE

104 2536 262 2579 ARTE
283 2535 639 2581 RHETORICA
654 2534 906 2588 (rethorica
922 2536 976 2588 R)
1001 2536 1186 2577 LIBER
1205 2537 1247 2579 V
1266 2533 1559 2576 EXPLICIT
1576 2533 1658 2575 BR
1678 2530 1702 2587 [l

198 2968 462 2999 numanus
488 2969 698 2998 cAPELLA
1316 2939 1378 2992 13

1728 829 1811 870 566
