<?xml version="1.0" encoding="UTF-8"?>
<!DOCTYPE html PUBLIC "-//W3C//DTD XHTML 1.0 Transitional//EN"
    "http://www.w3.org/TR/xhtml1/DTD/xhtml1-transitional.dtd">
<html xmlns="http://www.w3.org/1999/xhtml" xml:lang="en" lang="en">
 <head>
  <title>
</title>
<meta http-equiv="Content-Type" content="text/html;charset=utf-8" />
  <meta name='ocr-system' content='tesseract 3.04.00' />
  <meta name='ocr-capabilities' content='ocr_page ocr_carea ocr_par ocr_line ocrx_word'/>
</head>
<body>
  <div class='ocr_page' id='page_1' title='image "./martianvscapella00martuoft_0409.png"; bbox 0 0 1982 3230; ppageno 0'>
   <div class='ocr_carea' id='block_1_1' title="bbox 0 0 203 176">
    <p class='ocr_par' dir='ltr' id='par_1_1' title="bbox 0 0 203 176">
     <span class='ocr_line' id='line_1_1' title="bbox 0 0 203 176; baseline 0 3054"><span class='ocrx_word' id='word_1_1' title='bbox 0 0 203 176; x_wconf 95' lang='lat' dir='ltr'> </span> 
     </span>
    </p>
   </div>
   <div class='ocr_carea' id='block_1_2' title="bbox 769 88 1754 142">
    <p class='ocr_par' dir='ltr' id='par_1_2' title="bbox 769 88 1754 142">
     <span class='ocr_line' id='line_1_2' title="bbox 769 88 1754 142; baseline 0.007 -7"><span class='ocrx_word' id='word_1_2' title='bbox 769 92 955 135; x_wconf 82' lang='lat' dir='ltr'>LIBER</span> <span class='ocrx_word' id='word_1_3' title='bbox 985 92 1122 134; x_wconf 86' lang='lat' dir='ltr'>vnn</span> <span class='ocrx_word' id='word_1_4' title='bbox 1639 88 1754 142; x_wconf 80' lang='lat'>335</span> 
     </span>
    </p>
   </div>
   <div class='ocr_carea' id='block_1_3' title="bbox 0 155 44 218">
    <p class='ocr_par' dir='ltr' id='par_1_3' title="bbox 0 155 44 218">
     <span class='ocr_line' id='line_1_3' title="bbox 0 155 44 218; baseline 0 -7"><span class='ocrx_word' id='word_1_5' title='bbox 0 155 44 218; x_wconf 52' lang='lat' dir='ltr'>f}</span> 
     </span>
    </p>
   </div>
   <div class='ocr_carea' id='block_1_4' title="bbox 12 232 1982 2135">
    <p class='ocr_par' dir='ltr' id='par_1_4' title="bbox 12 232 1982 2135">
     <span class='ocr_line' id='line_1_4' title="bbox 133 232 1743 312; baseline -0.004 -25"><span class='ocrx_word' id='word_1_6' title='bbox 133 238 363 312; x_wconf 65' lang='lat' dir='ltr'>portione</span> <span class='ocrx_word' id='word_1_7' title='bbox 401 237 699 286; x_wconf 87' lang='lat' dir='ltr'>commonita</span> <span class='ocrx_word' id='word_1_8' title='bbox 737 236 1090 299; x_wconf 74' lang='lat' dir='ltr'>‘ingressuram</span> <span class='ocrx_word' id='word_1_9' title='bbox 1131 236 1265 283; x_wconf 84' lang='lat' dir='ltr'>mox&#39;</span> <span class='ocrx_word' id='word_1_10' title='bbox 1303 234 1463 298; x_wconf 90' lang='lat' dir='ltr'>inquit</span> <span class='ocrx_word' id='word_1_11' title='bbox 1489 232 1743 282; x_wconf 74' lang='lat' dir='ltr'>‘seminam</span> 
     </span>
     <span class='ocr_line' id='line_1_5' title="bbox 134 304 1741 373; baseline -0.004 -15"><span class='ocrx_word' id='word_1_12' title='bbox 134 322 338 373; x_wconf 91' lang='lat' dir='ltr'>possum</span> <span class='ocrx_word' id='word_1_13' title='bbox 366 306 625 372; x_wconf 84' lang='lat' dir='ltr'>explorare</span> <span class='ocrx_word' id='word_1_14' title='bbox 652 304 925 356; x_wconf 89' lang='lat' dir='ltr'>uobiscum.</span> <span class='ocrx_word' id='word_1_15' title='bbox 984 311 1205 355; x_wconf 91' lang='lat' dir='ltr'>ceterum</span> <span class='ocrx_word' id='word_1_16' title='bbox 1233 305 1598 370; x_wconf 81' lang='lat' dir='ltr'>propinquante</span> <span class='ocrx_word' id='word_1_17' title='bbox 1624 317 1741 352; x_wconf 83' lang='lat' dir='ltr'>con-</span> 
     </span>
     <span class='ocr_line' id='line_1_6' title="bbox 133 375 1750 449; baseline -0.003 -21"><span class='ocrx_word' id='word_1_18' title='bbox 133 379 250 428; x_wconf 83' lang='lat' dir='ltr'>finio</span> <span class='ocrx_word' id='word_1_19' title='bbox 276 378 436 428; x_wconf 84' lang='lat' dir='ltr'>noctis</span> <span class='ocrx_word' id='word_1_20' title='bbox 461 375 877 439; x_wconf 82' lang='lat' dir='ltr'>consequentibus</span> <span class='ocrx_word' id='word_1_21' title='bbox 899 384 1120 440; x_wconf 89' lang='lat' dir='ltr'>tempora</span> <span class='ocrx_word' id='word_1_22' title='bbox 1138 375 1386 449; x_wconf 66' lang='lat' dir='ltr'>inpertire</span> <span class='ocrx_word' id='word_1_23' title='bbox 1400 389 1500 424; x_wconf 93' lang='lat' dir='ltr'>non</span> <span class='ocrx_word' id='word_1_24' title='bbox 1522 389 1750 439; x_wconf 86' lang='lat' dir='ltr'>possum.-</span> 
     </span>
     <span class='ocr_line' id='line_1_7' title="bbox 134 445 1753 515; baseline -0.003 -16"><span class='ocrx_word' id='word_1_25' title='bbox 134 449 318 515; x_wconf 90' lang='lat' dir='ltr'>quippe</span> <span class='ocrx_word' id='word_1_26' title='bbox 342 446 620 498; x_wconf 83' lang='lat' dir='ltr'><strong>Plaustrum</strong></span> <span class='ocrx_word' id='word_1_27' title='bbox 648 446 767 495; x_wconf 89' lang='lat' dir='ltr'>mihi</span> <span class='ocrx_word' id='word_1_28' title='bbox 789 446 1075 511; x_wconf 82' lang='lat' dir='ltr'>Taurusque</span> <span class='ocrx_word' id='word_1_29' title='bbox 1102 461 1159 495; x_wconf 90' lang='lat' dir='ltr'>ac</span> <span class='ocrx_word' id='word_1_30' title='bbox 1186 445 1464 495; x_wconf 91' lang='lat' dir='ltr'>mundanae</span> <span class='ocrx_word' id='word_1_31' title='bbox 1490 446 1753 495; x_wconf 90' lang='lat' dir='ltr'>decursio-·</span> 
     </span>
     <span class='ocr_line' id='line_1_8' title="bbox 92 515 1753 568; baseline -0.002 0"><span class='ocrx_word' id='word_1_32' title='bbox 92 529 114 560; x_wconf 79' lang='lat'>⁵</span> <span class='ocrx_word' id='word_1_33' title='bbox 136 520 211 568; x_wconf 92' lang='lat' dir='ltr'>nis</span> <span class='ocrx_word' id='word_1_34' title='bbox 244 519 338 568; x_wconf 87' lang='lat' dir='ltr'>iter</span> <span class='ocrx_word' id='word_1_35' title='bbox 377 516 688 567; x_wconf 90' lang='lat' dir='ltr'>subeundum</span> <span class='ocrx_word' id='word_1_36' title='bbox 735 532 826 566; x_wconf 89' lang='lat' dir='ltr'>nec</span> <span class='ocrx_word' id='word_1_37' title='bbox 861 522 1140 566; x_wconf 90' lang='lat' dir='ltr'>ceterarum</span> <span class='ocrx_word' id='word_1_38' title='bbox 1176 531 1255 564; x_wconf 92' lang='lat' dir='ltr'>me</span> <span class='ocrx_word' id='word_1_39' title='bbox 1293 515 1573 565; x_wconf 85' lang='lat' dir='ltr'>auscultare</span> <span class='ocrx_word' id='word_1_40' title='bbox 1609 531 1753 565; x_wconf 50' lang='lat' dir='ltr'>coms</span> 
     </span>
     <span class='ocr_line' id='line_1_9' title="bbox 135 585 1751 652; baseline -0.002 -14"><span class='ocrx_word' id='word_1_41' title='bbox 135 589 313 640; x_wconf 87' lang='lat' dir='ltr'>mentis</span> <span class='ocrx_word' id='word_1_42' title='bbox 339 587 574 652; x_wconf 85' lang='lat' dir='ltr'>stelligeri</span> <span class='ocrx_word' id='word_1_43' title='bbox 613 594 784 652; x_wconf 88' lang='lat' dir='ltr'>raptus</span> <span class='ocrx_word' id='word_1_44' title='bbox 817 594 945 636; x_wconf 90' lang='lat' dir='ltr'>meta</span> <span class='ocrx_word' id='word_1_45' title='bbox 971 587 1229 652; x_wconf 85' lang='lat' dir='ltr'>permittit.</span> <span class='ocrx_word' id='word_1_46' title='bbox 1307 593 1354 635; x_wconf 92' lang='lat' dir='ltr'>et</span> <span class='ocrx_word' id='word_1_47' title='bbox 1380 587 1537 636; x_wconf 85' lang='lat' dir='ltr'>fateor</span> <span class='ocrx_word' id='word_1_48' title='bbox 1563 585 1751 636; x_wconf 89' lang='lat' dir='ltr'>uellem-</span> 
     </span>
     <span class='ocr_line' id='line_1_10' title="bbox 135 656 1810 725; baseline -0.002 -17"><span class='ocrx_word' id='word_1_49' title='bbox 135 659 274 725; x_wconf 88' lang='lat' dir='ltr'>siqua</span> <span class='ocrx_word' id='word_1_50' title='bbox 313 660 722 708; x_wconf 90' lang='lat' dir='ltr'>examinationem</span> <span class='ocrx_word' id='word_1_51' title='bbox 781 658 1031 720; x_wconf 89' lang='lat' dir='ltr'>uirginum</span> <span class='ocrx_word' id='word_1_52' title='bbox 1079 656 1413 722; x_wconf 56' lang='lat' dir='ltr'>&lt;prorogaret</span> <span class='ocrx_word' id='word_1_53' title='bbox 1461 658 1741 713; x_wconf 81' lang='lat' dir='ltr'>auctoritaS,</span> <span class='ocrx_word' id='word_1_54' title='bbox 1808 696 1810 698; x_wconf 95' lang='lat'>.</span> 
     </span>
     <span class='ocr_line' id='line_1_11' title="bbox 133 722 1982 795; baseline -0.003 -18"><span class='ocrx_word' id='word_1_55' title='bbox 133 730 236 795; x_wconf 87' lang='lat' dir='ltr'>ipsa</span> <span class='ocrx_word' id='word_1_56' title='bbox 264 744 461 794; x_wconf 90' lang='lat' dir='ltr'>quoque</span> <span class='ocrx_word' id='word_1_57' title='bbox 488 736 583 778; x_wconf 87' lang='lat' dir='ltr'>tam</span> <span class='ocrx_word' id='word_1_58' title='bbox 596 727 850 793; x_wconf 53' lang='lat' dir='ltr'>praecluis</span> <span class='ocrx_word' id='word_1_59' title='bbox 877 727 1165 776; x_wconf 89' lang='lat' dir='ltr'>eruditionis</span> <span class='ocrx_word' id='word_1_60' title='bbox 1191 727 1386 777; x_wconf 90' lang='lat' dir='ltr'>adserta</span> <span class='ocrx_word' id='word_1_61' title='bbox 1413 740 1741 790; x_wconf 73' lang='lat' dir='ltr'>cognoscere:</span> <span class='ocrx_word' id='word_1_62' title='bbox 1760 722 1861 770; x_wconf 56' lang='lat' dir='ltr'>‘cm</span> <span class='ocrx_word' id='word_1_63' title='bbox 1873 722 1982 772; x_wconf 51' lang='lat' dir='ltr'>trac</span> 
     </span>
     <span class='ocr_line' id='line_1_12' title="bbox 133 797 1743 865; baseline -0.002 -16"><span class='ocrx_word' id='word_1_64' title='bbox 133 801 524 865; x_wconf 81' lang='lat' dir='ltr'>praesertimque</span> <span class='ocrx_word' id='word_1_65' title='bbox 553 814 663 848; x_wconf 89' lang='lat' dir='ltr'>cum</span> <span class='ocrx_word' id='word_1_66' title='bbox 703 798 1046 863; x_wconf 81' lang='lat' dir='ltr'>perendinatio</span> <span class='ocrx_word' id='word_1_67' title='bbox 1084 797 1440 847; x_wconf 85' lang='lat' dir='ltr'>rationabiliter</span> <span class='ocrx_word' id='word_1_68' title='bbox 1468 804 1743 862; x_wconf 87' lang='lat' dir='ltr'>expetatur,</span> 
     </span>
     <span class='ocr_line' id='line_1_13' title="bbox 70 868 1742 934; baseline 0.001 -19"><span class='ocrx_word' id='word_1_69' title='bbox 70 881 115 915; x_wconf 78' lang='grc' dir='ltr'>ιο</span> <span class='ocrx_word' id='word_1_70' title='bbox 137 885 199 920; x_wconf 92' lang='lat' dir='ltr'>ne</span> <span class='ocrx_word' id='word_1_71' title='bbox 225 869 400 920; x_wconf 89' lang='lat' dir='ltr'>lassata</span> <span class='ocrx_word' id='word_1_72' title='bbox 428 871 770 934; x_wconf 87' lang='lat' dir='ltr'>cognoscentis</span> <span class='ocrx_word' id='word_1_73' title='bbox 807 884 956 919; x_wconf 89' lang='lat' dir='ltr'>curae</span> <span class='ocrx_word' id='word_1_74' title='bbox 994 870 1286 933; x_wconf 84' lang='lat' dir='ltr'>fatigatione·</span> <span class='ocrx_word' id='word_1_75' title='bbox 1312 868 1506 918; x_wconf 81' lang='lat' dir='ltr'>fastidia</span> <span class='ocrx_word' id='word_1_76' title='bbox 1543 883 1742 918; x_wconf 92' lang='lat' dir='ltr'>omnem</span> 
     </span>
     <span class='ocr_line' id='line_1_14' title="bbox 18 935 1746 1004; baseline -0.002 -14"><span class='ocrx_word' id='word_1_77' title='bbox 18 935 24 942; x_wconf 75' lang='grc'><strong>’</strong></span> <span class='ocrx_word' id='word_1_78' title='bbox 135 941 310 990; x_wconf 89' lang='lat' dir='ltr'>doctae</span> <span class='ocrx_word' id='word_1_79' title='bbox 338 941 656 990; x_wconf 88' lang='lat' dir='ltr'>intimationis</span> <span class='ocrx_word' id='word_1_80' title='bbox 693 955 957 992; x_wconf 87' lang='lat' dir='ltr'>excursum</span> <span class='ocrx_word' id='word_1_81' title='bbox 985 946 1218 1004; x_wconf 86' lang='lat' dir='ltr'>grauatae</span> <span class='ocrx_word' id='word_1_82' title='bbox 1244 939 1427 989; x_wconf 90' lang='lat' dir='ltr'>laboris</span> <span class='ocrx_word' id='word_1_83' title='bbox 1461 940 1746 989; x_wconf 88' lang='lat' dir='ltr'>intentionis</span> 
     </span>
     <span class='ocr_line' id='line_1_15' title="bbox 135 1009 1746 1075; baseline -0.001 -15"><span class='ocrx_word' id='word_1_84' title='bbox 135 1011 424 1068; x_wconf 85' lang='lat' dir='ltr'>excludant,</span> <span class='ocrx_word' id='word_1_85' title='bbox 455 1018 503 1061; x_wconf 91' lang='lat' dir='ltr'>et</span> <span class='ocrx_word' id='word_1_86' title='bbox 529 1010 608 1060; x_wconf 89' lang='lat' dir='ltr'>illa</span> <span class='ocrx_word' id='word_1_87' title='bbox 637 1011 938 1075; x_wconf 80' lang='lat' dir='ltr'>expetendae</span> <span class='ocrx_word' id='word_1_88' title='bbox 974 1011 1269 1074; x_wconf 86' lang='lat' dir='ltr'>cognitionis</span> <span class='ocrx_word' id='word_1_89' title='bbox 1295 1009 1746 1075; x_wconf 87' lang='lat' dir='ltr'>adprobandaeque</span> 
     </span>
     <span class='ocr_line' id='line_1_16' title="bbox 135 1080 1746 1147; baseline -0.001 -16"><span class='ocrx_word' id='word_1_90' title='bbox 135 1081 378 1131; x_wconf 84' lang='lat' dir='ltr'>subtilitas</span> <span class='ocrx_word' id='word_1_91' title='bbox 413 1082 499 1147; x_wconf 82' lang='lat' dir='ltr'>in&gt;</span> <span class='ocrx_word' id='word_1_92' title='bbox 526 1082 691 1131; x_wconf 89' lang='lat' dir='ltr'>odium</span> <span class='ocrx_word' id='word_1_93' title='bbox 727 1081 1091 1131; x_wconf 88' lang='lat' dir='ltr'>noscendorum</span> <span class='ocrx_word' id='word_1_94' title='bbox 1129 1080 1303 1130; x_wconf 85' lang='lat' dir='ltr'>obtusa</span> <span class='ocrx_word' id='word_1_95' title='bbox 1339 1081 1595 1145; x_wconf 89' lang='lat' dir='ltr'>multiplici</span> <span class='ocrx_word' id='word_1_96' title='bbox 1629 1096 1746 1146; x_wconf 92' lang='lat' dir='ltr'>pro-</span> 
     </span>
     <span class='ocr_line' id='line_1_17' title="bbox 135 1147 1765 1218; baseline -0.001 -17"><span class='ocrx_word' id='word_1_97' title='bbox 135 1151 320 1202; x_wconf 87' lang='lat' dir='ltr'>lixitate</span> <span class='ocrx_word' id='word_1_98' title='bbox 347 1159 584 1202; x_wconf 85' lang='lat' dir='ltr'>uertatur.</span> <span class='ocrx_word' id='word_1_99' title='bbox 642 1154 845 1218; x_wconf 90' lang='lat' dir='ltr'>aequius</span> <span class='ocrx_word' id='word_1_100' title='bbox 870 1154 1019 1216; x_wconf 88' lang='lat' dir='ltr'>igitur</span> <span class='ocrx_word' id='word_1_101' title='bbox 1047 1153 1173 1202; x_wconf 91' lang='lat' dir='ltr'>duco</span> <span class='ocrx_word' id='word_1_102' title='bbox 1200 1151 1529 1215; x_wconf 88' lang='lat' dir='ltr'>ampliandam</span> <span class='ocrx_word' id='word_1_103' title='bbox 1558 1147 1765 1201; x_wconf 52' lang='lat' dir='ltr'>discus?</span> 
     </span>
     <span class='ocr_line' id='line_1_18' title="bbox 33 1223 1744 1273; baseline 0.002 -5"><span class='ocrx_word' id='word_1_104' title='bbox 33 1228 113 1268; x_wconf 76' lang='lat'>&#39;15</span> <span class='ocrx_word' id='word_1_105' title='bbox 136 1223 325 1273; x_wconf 90' lang='lat' dir='ltr'>sionem</span> <span class='ocrx_word' id='word_1_106' title='bbox 370 1229 553 1272; x_wconf 83' lang='lat' dir='ltr'>tantam</span> <span class='ocrx_word' id='word_1_107' title='bbox 612 1224 659 1271; x_wconf 94' lang='lat' dir='ltr'>in</span> <span class='ocrx_word' id='word_1_108' title='bbox 705 1223 960 1272; x_wconf 89' lang='lat' dir='ltr'>ardentem</span> <span class='ocrx_word' id='word_1_109' title='bbox 1004 1224 1130 1272; x_wconf 92' lang='lat' dir='ltr'>sitim</span> <span class='ocrx_word' id='word_1_110' title='bbox 1181 1223 1375 1272; x_wconf 88' lang='lat' dir='ltr'>aurium</span> <span class='ocrx_word' id='word_1_111' title='bbox 1426 1223 1744 1272; x_wconf 64' lang='lat' dir='ltr'>umidarum?</span> 
     </span>
     <span class='ocr_line' id='line_1_19' title="bbox 96 1292 1865 1358; baseline 0 -17"><span class='ocrx_word' id='word_1_112' title='bbox 96 1340 99 1341; x_wconf 10' lang='grc' dir='ltr'><em>γ</em></span> <span class='ocrx_word' id='word_1_113' title='bbox 135 1309 259 1358; x_wconf 92' lang='lat' dir='ltr'>quae</span> <span class='ocrx_word' id='word_1_114' title='bbox 286 1309 395 1343; x_wconf 90' lang='lat' dir='ltr'>cum</span> <span class='ocrx_word' id='word_1_115' title='bbox 417 1293 552 1342; x_wconf 86' lang='lat' dir='ltr'>Luna</span> <span class='ocrx_word' id='word_1_116' title='bbox 581 1292 862 1350; x_wconf 87' lang='lat' dir='ltr'>dissereret,</span> <span class='ocrx_word' id='word_1_117' title='bbox 889 1296 1060 1343; x_wconf 89' lang='lat' dir='ltr'>omnes</span> <span class='ocrx_word' id='word_1_118' title='bbox 1087 1293 1311 1342; x_wconf 85' lang='lat' dir='ltr'>certatim</span> <span class='ocrx_word' id='word_1_119' title='bbox 1338 1293 1601 1342; x_wconf 87' lang='lat' dir='ltr'>adsensere</span> <span class='ocrx_word' id='word_1_120' title='bbox 1628 1293 1742 1345; x_wconf 91' lang='lat' dir='ltr'>diui,</span> <span class='ocrx_word' id='word_1_121' title='bbox 1764 1294 1865 1334; x_wconf 72' lang='lat'>893</span> 
     </span>
     <span class='ocr_line' id='line_1_20' title="bbox 136 1363 1890 1480; baseline -0.001 -67"><span class='ocrx_word' id='word_1_122' title='bbox 136 1364 411 1429; x_wconf 87' lang='lat' dir='ltr'>dehincque</span> <span class='ocrx_word' id='word_1_123' title='bbox 455 1370 621 1412; x_wconf 89' lang='lat' dir='ltr'>utrum</span> <span class='ocrx_word' id='word_1_124' title='bbox 668 1364 976 1427; x_wconf 86' lang='lat' dir='ltr'>repensatrix</span> <span class='ocrx_word' id='word_1_125' title='bbox 1012 1364 1120 1412; x_wconf 90' lang='lat' dir='ltr'>data</span> <span class='ocrx_word' id='word_1_126' title='bbox 1164 1363 1367 1428; x_wconf 88' lang='lat' dir='ltr'>diesque</span> <span class='ocrx_word' id='word_1_127' title='bbox 1416 1363 1788 1480; x_wconf 54' lang='lat' dir='ltr'>conferendaet,</span> <span class='ocrx_word' id='word_1_128' title='bbox 1850 1406 1890 1444; x_wconf 82' lang='lat'>&gt;‹</span> 
     </span>
     <span class='ocr_line' id='line_1_21' title="bbox 16 1385 1806 1503; baseline -0.003 -20"><span class='ocrx_word' id='word_1_129' title='bbox 16 1434 37 1503; x_wconf 62' lang='grc' dir='ltr'>ξ</span> <span class='ocrx_word' id='word_1_130' title='bbox 135 1435 262 1493; x_wconf 86' lang='lat' dir='ltr'>dotis</span> <span class='ocrx_word' id='word_1_131' title='bbox 282 1435 549 1499; x_wconf 85' lang='lat' dir='ltr'>prorogari</span> <span class='ocrx_word' id='word_1_132' title='bbox 576 1435 683 1483; x_wconf 91' lang='lat' dir='ltr'>iure</span> <span class='ocrx_word' id='word_1_133' title='bbox 710 1433 909 1498; x_wconf 90' lang='lat' dir='ltr'>publico</span> <span class='ocrx_word' id='word_1_134' title='bbox 935 1442 1103 1498; x_wconf 90' lang='lat' dir='ltr'>posset</span> <span class='ocrx_word' id='word_1_135' title='bbox 1130 1435 1413 1499; x_wconf 87' lang='lat' dir='ltr'>inquiritur.</span> <span class='ocrx_word' id='word_1_136' title='bbox 1490 1450 1588 1500; x_wconf 88' lang='lat' dir='ltr'>quo</span> <span class='ocrx_word' id='word_1_137' title='bbox 1617 1434 1745 1483; x_wconf 85' lang='lat' dir='ltr'>dicto</span> <span class='ocrx_word' id='word_1_138' title='bbox 1796 1385 1806 1477; x_wconf 68' lang='grc'><strong>1</strong></span> 
     </span>
     <span class='ocr_line' id='line_1_22' title="bbox 134 1504 1746 1569; baseline 0 -15"><span class='ocrx_word' id='word_1_139' title='bbox 134 1518 345 1555; x_wconf 81' lang='lat' dir='ltr'>arcanus</span> <span class='ocrx_word' id='word_1_140' title='bbox 371 1504 450 1554; x_wconf 89' lang='lat' dir='ltr'>ille</span> <span class='ocrx_word' id='word_1_141' title='bbox 477 1505 629 1568; x_wconf 87' lang='lat' dir='ltr'>prisci</span> <span class='ocrx_word' id='word_1_142' title='bbox 654 1505 775 1554; x_wconf 90' lang='lat' dir='ltr'>iuris</span> <span class='ocrx_word' id='word_1_143' title='bbox 801 1504 1027 1554; x_wconf 86' lang='lat' dir='ltr'>adsertor</span> <span class='ocrx_word' id='word_1_144' title='bbox 1054 1520 1230 1569; x_wconf 89' lang='lat' dir='ltr'>magna</span> <span class='ocrx_word' id='word_1_145' title='bbox 1257 1511 1494 1569; x_wconf 88' lang='lat' dir='ltr'>nepotum</span> <span class='ocrx_word' id='word_1_146' title='bbox 1515 1505 1746 1555; x_wconf 88' lang='lat' dir='ltr'>obsecra-</span> 
     </span>
     <span class='ocr_line' id='line_1_23' title="bbox 12 1572 1748 1640; baseline 0.001 -17"><span class='ocrx_word' id='word_1_147' title='bbox 12 1629 19 1635; x_wconf 44' lang='lat'>,</span> <span class='ocrx_word' id='word_1_148' title='bbox 73 1588 117 1622; x_wconf 59' lang='grc' dir='ltr'>πο</span> <span class='ocrx_word' id='word_1_149' title='bbox 139 1577 271 1624; x_wconf 91' lang='lat' dir='ltr'>tione</span> <span class='ocrx_word' id='word_1_150' title='bbox 298 1572 573 1625; x_wconf 88' lang='lat' dir='ltr'>consulitur</span> <span class='ocrx_word' id='word_1_151' title='bbox 608 1574 960 1640; x_wconf 86' lang='lat' dir='ltr'>responditque</span> <span class='ocrx_word' id='word_1_152' title='bbox 996 1576 1295 1639; x_wconf 87' lang='lat' dir='ltr'>regulariter</span> <span class='ocrx_word' id='word_1_153' title='bbox 1322 1577 1467 1625; x_wconf 90' lang='lat' dir='ltr'>etiam</span> <span class='ocrx_word' id='word_1_154' title='bbox 1497 1577 1748 1625; x_wconf 80' lang='lat' dir='ltr'>matrimo-</span> 
     </span>
     <span class='ocr_line' id='line_1_24' title="bbox 137 1645 1748 1710; baseline 0 -16"><span class='ocrx_word' id='word_1_155' title='bbox 137 1647 219 1694; x_wconf 91' lang='lat' dir='ltr'>nio</span> <span class='ocrx_word' id='word_1_156' title='bbox 258 1646 486 1709; x_wconf 88' lang='lat' dir='ltr'>copulato</span> <span class='ocrx_word' id='word_1_157' title='bbox 526 1645 554 1694; x_wconf 93' lang='lat' dir='ltr'>d</span> <span class='ocrx_word' id='word_1_158' title='bbox 591 1652 690 1694; x_wconf 90' lang='lat' dir='ltr'>tem</span> <span class='ocrx_word' id='word_1_159' title='bbox 738 1646 903 1695; x_wconf 86' lang='lat' dir='ltr'>dicere</span> <span class='ocrx_word' id='word_1_160' title='bbox 939 1646 1170 1696; x_wconf 81' lang='lat' dir='ltr'>seminam</span> <span class='ocrx_word' id='word_1_161' title='bbox 1208 1647 1316 1695; x_wconf 88' lang='lat' dir='ltr'>uiro</span> <span class='ocrx_word' id='word_1_162' title='bbox 1358 1645 1504 1695; x_wconf 88' lang='lat' dir='ltr'>nullis</span> <span class='ocrx_word' id='word_1_163' title='bbox 1553 1645 1748 1710; x_wconf 87' lang='lat' dir='ltr'>legibus</span> 
     </span>
     <span class='ocr_line' id='line_1_25' title="bbox 139 1707 1746 1781; baseline 0 -17"><span class='ocrx_word' id='word_1_164' title='bbox 139 1715 413 1780; x_wconf 86' lang='lat' dir='ltr'>prohiberi.</span> <span class='ocrx_word' id='word_1_165' title='bbox 478 1731 534 1765; x_wconf 87' lang='lat' dir='ltr'>ac</span> <span class='ocrx_word' id='word_1_166' title='bbox 562 1722 677 1764; x_wconf 87' lang='lat' dir='ltr'>tunc</span> <span class='ocrx_word' id='word_1_167' title='bbox 707 1707 924 1781; x_wconf 87' lang='lat' dir='ltr'>luppiter</span> <span class='ocrx_word' id='word_1_168' title='bbox 950 1718 1096 1781; x_wconf 91' lang='lat' dir='ltr'>periti</span> <span class='ocrx_word' id='word_1_169' title='bbox 1123 1708 1289 1780; x_wconf 59' lang='lat' dir='ltr'>patris</span> <span class='ocrx_word' id='word_1_170' title='bbox 1305 1716 1583 1767; x_wconf 89' lang='lat' dir='ltr'>eruditione</span> <span class='ocrx_word' id='word_1_171' title='bbox 1611 1731 1746 1766; x_wconf 85' lang='lat' dir='ltr'>com·</span> 
     </span>
     <span class='ocr_line' id='line_1_26' title="bbox 83 1733 1747 1852; baseline -0.001 -14"><span class='ocrx_word' id='word_1_172' title='bbox 83 1733 103 1840; x_wconf 58' lang='lat' dir='ltr'>l</span> <span class='ocrx_word' id='word_1_173' title='bbox 138 1788 354 1836; x_wconf 89' lang='lat' dir='ltr'>monitus</span> <span class='ocrx_word' id='word_1_174' title='bbox 393 1785 594 1835; x_wconf 70' lang='lat' dir='ltr'>‘habeo&#39;</span> <span class='ocrx_word' id='word_1_175' title='bbox 631 1788 794 1851; x_wconf 88' lang='lat' dir='ltr'>inquit</span> <span class='ocrx_word' id='word_1_176' title='bbox 828 1791 956 1836; x_wconf 75' lang='lat' dir='ltr'>‘mea</span> <span class='ocrx_word' id='word_1_177' title='bbox 989 1788 1196 1851; x_wconf 89' lang='lat' dir='ltr'>pignera</span> <span class='ocrx_word' id='word_1_178' title='bbox 1233 1786 1579 1852; x_wconf 88' lang='lat' dir='ltr'>gratulandum</span> <span class='ocrx_word' id='word_1_179' title='bbox 1614 1786 1747 1852; x_wconf 92' lang='lat' dir='ltr'>quod</span> 
     </span>
     <span class='ocr_line' id='line_1_27' title="bbox 99 1851 1746 1924; baseline 0.001 -19"><span class='ocrx_word' id='word_1_180' title='bbox 99 1851 101 1858; x_wconf 76' lang='grc'><em>’</em></span> <span class='ocrx_word' id='word_1_181' title='bbox 137 1856 214 1906; x_wconf 81' lang='lat' dir='ltr'>fas</span> <span class='ocrx_word' id='word_1_182' title='bbox 251 1858 495 1907; x_wconf 88' lang='lat' dir='ltr'>adseritur</span> <span class='ocrx_word' id='word_1_183' title='bbox 538 1857 766 1922; x_wconf 88' lang='lat' dir='ltr'>quicquid</span> <span class='ocrx_word' id='word_1_184' title='bbox 812 1872 902 1906; x_wconf 91' lang='lat' dir='ltr'>uos</span> <span class='ocrx_word' id='word_1_185' title='bbox 939 1857 1067 1907; x_wconf 90' lang='lat' dir='ltr'>uelle</span> <span class='ocrx_word' id='word_1_186' title='bbox 1114 1859 1338 1921; x_wconf 87' lang='lat' dir='ltr'>cognoui.</span> <span class='ocrx_word' id='word_1_187' title='bbox 1415 1872 1577 1924; x_wconf 87' lang='lat' dir='ltr'>neque</span> <span class='ocrx_word' id='word_1_188' title='bbox 1616 1859 1746 1907; x_wconf 91' lang='lat' dir='ltr'>enim</span> 
     </span>
     <span class='ocr_line' id='line_1_28' title="bbox 41 1927 1747 1992; baseline 0.001 -18"><span class='ocrx_word' id='word_1_189' title='bbox 41 1941 116 1992; x_wconf 66' lang='lat' dir='ltr'>¹aa</span> <span class='ocrx_word' id='word_1_190' title='bbox 141 1929 355 1978; x_wconf 81' lang='lat' dir='ltr'>fastuosa</span> <span class='ocrx_word' id='word_1_191' title='bbox 391 1928 576 1992; x_wconf 89' lang='lat' dir='ltr'>rigidus</span> <span class='ocrx_word' id='word_1_192' title='bbox 613 1927 820 1977; x_wconf 88' lang='lat' dir='ltr'>elatione</span> <span class='ocrx_word' id='word_1_193' title='bbox 858 1928 1105 1992; x_wconf 80' lang='lat' dir='ltr'>defugiam</span> <span class='ocrx_word' id='word_1_194' title='bbox 1142 1935 1226 1977; x_wconf 90' lang='lat' dir='ltr'>aut</span> <span class='ocrx_word' id='word_1_195' title='bbox 1259 1936 1482 1978; x_wconf 88' lang='lat' dir='ltr'>uestrum</span> <span class='ocrx_word' id='word_1_196' title='bbox 1522 1928 1747 1978; x_wconf 90' lang='lat' dir='ltr'>crebrius</span> 
     </span>
     <span class='ocr_line' id='line_1_29' title="bbox 140 1997 1748 2062; baseline 0 -14"><span class='ocrx_word' id='word_1_197' title='bbox 140 1997 425 2048; x_wconf 88' lang='lat' dir='ltr'>adcelerare</span> <span class='ocrx_word' id='word_1_198' title='bbox 462 1997 739 2055; x_wconf 85' lang='lat' dir='ltr'>consilium,</span> <span class='ocrx_word' id='word_1_199' title='bbox 771 2004 853 2047; x_wconf 89' lang='lat' dir='ltr'>aut</span> <span class='ocrx_word' id='word_1_200' title='bbox 879 1998 1136 2048; x_wconf 89' lang='lat' dir='ltr'>doctarum</span> <span class='ocrx_word' id='word_1_201' title='bbox 1174 2000 1425 2062; x_wconf 87' lang='lat' dir='ltr'>uirginum</span> <span class='ocrx_word' id='word_1_202' title='bbox 1464 2000 1748 2049; x_wconf 86' lang='lat' dir='ltr'>examinare</span> 
     </span>
     <span class='ocr_line' id='line_1_30' title="bbox 139 2068 1903 2135; baseline -0.001 -17"><span class='ocrx_word' id='word_1_203' title='bbox 139 2068 405 2119; x_wconf 88' lang='lat' dir='ltr'>sollertiam</span> <span class='ocrx_word' id='word_1_204' title='bbox 442 2068 622 2118; x_wconf 89' lang='lat' dir='ltr'>desidis</span> <span class='ocrx_word' id='word_1_205' title='bbox 655 2069 882 2132; x_wconf 87' lang='lat' dir='ltr'>ignauiae</span> <span class='ocrx_word' id='word_1_206' title='bbox 918 2069 1304 2120; x_wconf 86' lang='lat' dir='ltr'>dissimulatione</span> <span class='ocrx_word' id='word_1_207' title='bbox 1342 2071 1570 2134; x_wconf 89' lang='lat' dir='ltr'>piguerit,</span> <span class='ocrx_word' id='word_1_208' title='bbox 1598 2085 1743 2135; x_wconf 89' lang='lat' dir='ltr'>prae·</span> <span class='ocrx_word' id='word_1_209' title='bbox 1767 2077 1903 2121; x_wconf 68' lang='grc'><strong><em>3056</em></strong></span> 
     </span>
    </p>
   </div>
   <div class='ocr_carea' id='block_1_5' title="bbox 136 2237 1752 2462">
    <p class='ocr_par' dir='ltr' id='par_1_5' title="bbox 136 2237 1752 2462">
     <span class='ocr_line' id='line_1_31' title="bbox 250 2237 1748 2292; baseline 0.002 -14"><span class='ocrx_word' id='word_1_210' title='bbox 250 2240 276 2279; x_wconf 82' lang='grc'>2</span> <span class='ocrx_word' id='word_1_211' title='bbox 306 2241 645 2291; x_wconf 86' lang='lat' dir='ltr'>propinquante</span> <span class='ocrx_word' id='word_1_212' title='bbox 678 2237 875 2280; x_wconf 87' lang='lat' dir='ltr'>confinio</span> <span class='ocrx_word' id='word_1_213' title='bbox 906 2239 1056 2280; x_wconf 88' lang='lat' dir='ltr'>noctis</span> <span class='ocrx_word' id='word_1_214' title='bbox 1087 2240 1111 2279; x_wconf 91' lang='lat' dir='ltr'>b</span> <span class='ocrx_word' id='word_1_215' title='bbox 1155 2239 1499 2292; x_wconf 83' lang='lat' dir='ltr'>propinquante</span> <span class='ocrx_word' id='word_1_216' title='bbox 1531 2238 1748 2281; x_wconf 80' lang='lat' dir='ltr'>confinio-</span> 
     </span>
     <span class='ocr_line' id='line_1_32' title="bbox 138 2291 1748 2350; baseline 0.001 -16"><span class='ocrx_word' id='word_1_217' title='bbox 138 2307 225 2348; x_wconf 88' lang='lat' dir='ltr'>que</span> <span class='ocrx_word' id='word_1_218' title='bbox 248 2300 379 2336; x_wconf 90' lang='lat' dir='ltr'>nocte</span> <span class='ocrx_word' id='word_1_219' title='bbox 402 2295 484 2336; x_wconf 85' lang='lat' dir='ltr'>BR</span> <span class='ocrx_word' id='word_1_220' title='bbox 507 2293 603 2347; x_wconf 81' lang='lat' dir='ltr'>(sed</span> <span class='ocrx_word' id='word_1_221' title='bbox 622 2295 773 2336; x_wconf 85' lang='lat' dir='ltr'>noctis</span> <span class='ocrx_word' id='word_1_222' title='bbox 798 2295 850 2347; x_wconf 77' lang='lat' dir='ltr'>R)</span> <span class='ocrx_word' id='word_1_223' title='bbox 879 2291 898 2349; x_wconf 98' lang='grc' dir='ltr'>Η</span> <span class='ocrx_word' id='word_1_224' title='bbox 927 2298 953 2336; x_wconf 89' lang='grc'><strong>3</strong></span> <span class='ocrx_word' id='word_1_225' title='bbox 986 2296 1313 2349; x_wconf 87' lang='lat' dir='ltr'>consequentis</span> <span class='ocrx_word' id='word_1_226' title='bbox 1344 2293 1748 2350; x_wconf 55' lang='lat' dir='ltr'>rQertinere</span> 
     </span>
     <span class='ocr_line' id='line_1_33' title="bbox 138 2348 1752 2406; baseline 0.001 -15"><span class='ocrx_word' id='word_1_227' title='bbox 138 2351 180 2391; x_wconf 89' lang='lat' dir='ltr'><em>B</em></span> <span class='ocrx_word' id='word_1_228' title='bbox 211 2351 434 2404; x_wconf 86' lang='lat' dir='ltr'>impertiri</span> <span class='ocrx_word' id='word_1_229' title='bbox 465 2351 488 2391; x_wconf 87' lang='lat' dir='ltr'>b</span> <span class='ocrx_word' id='word_1_230' title='bbox 528 2349 545 2405; x_wconf 97' lang='grc' dir='ltr'>Η</span> <span class='ocrx_word' id='word_1_231' title='bbox 585 2354 612 2391; x_wconf 78' lang='lat'>4</span> <span class='ocrx_word' id='word_1_232' title='bbox 641 2351 873 2391; x_wconf 82' lang='lat' dir='ltr'>mundana</span> <span class='ocrx_word' id='word_1_233' title='bbox 894 2352 932 2392; x_wconf 77' lang='lat' dir='ltr'><em>R</em></span> <span class='ocrx_word' id='word_1_234' title='bbox 970 2348 990 2406; x_wconf 95' lang='grc' dir='ltr'>Η</span> <span class='ocrx_word' id='word_1_235' title='bbox 1029 2351 1251 2392; x_wconf 87' lang='lat' dir='ltr'>discursio</span> <span class='ocrx_word' id='word_1_236' title='bbox 1283 2353 1318 2392; x_wconf 77' lang='lat' dir='ltr'><em>R</em></span> <span class='ocrx_word' id='word_1_237' title='bbox 1355 2349 1377 2406; x_wconf 87' lang='grc' dir='ltr'>Η</span> <span class='ocrx_word' id='word_1_238' title='bbox 1415 2353 1441 2393; x_wconf 89' lang='lat'>5</span> <span class='ocrx_word' id='word_1_239' title='bbox 1473 2352 1534 2392; x_wconf 82' lang='lat' dir='ltr'>sit</span> <span class='ocrx_word' id='word_1_240' title='bbox 1564 2353 1687 2392; x_wconf 86' lang='lat' dir='ltr'>inter</span> <span class='ocrx_word' id='word_1_241' title='bbox 1707 2352 1752 2391; x_wconf 85' lang='lat' dir='ltr'><em>B</em></span> 
     </span>
     <span class='ocr_line' id='line_1_34' title="bbox 136 2404 1751 2462; baseline 0.001 -16"><span class='ocrx_word' id='word_1_242' title='bbox 136 2407 257 2447; x_wconf 89' lang='lat' dir='ltr'>inter</span> <span class='ocrx_word' id='word_1_243' title='bbox 276 2407 314 2447; x_wconf 80' lang='lat' dir='ltr'><em>R</em></span> <span class='ocrx_word' id='word_1_244' title='bbox 344 2408 444 2447; x_wconf 86' lang='lat' dir='ltr'>iner</span> <span class='ocrx_word' id='word_1_245' title='bbox 465 2421 489 2446; x_wconf 82' lang='lat' dir='ltr'>r</span> <span class='ocrx_word' id='word_1_246' title='bbox 517 2407 656 2447; x_wconf 83' lang='lat' dir='ltr'>itiner</span> <span class='ocrx_word' id='word_1_247' title='bbox 676 2408 699 2447; x_wconf 85' lang='lat' dir='ltr'>b</span> <span class='ocrx_word' id='word_1_248' title='bbox 728 2404 747 2461; x_wconf 92' lang='grc' dir='ltr'>Η</span> <span class='ocrx_word' id='word_1_249' title='bbox 775 2408 800 2446; x_wconf 88' lang='lat'>6</span> <span class='ocrx_word' id='word_1_250' title='bbox 831 2407 1067 2460; x_wconf 86' lang='lat' dir='ltr'>stelligeni</span> <span class='ocrx_word' id='word_1_251' title='bbox 1086 2406 1187 2448; x_wconf 84' lang='lat' dir='ltr'>B¹R</span> <span class='ocrx_word' id='word_1_252' title='bbox 1225 2405 1244 2462; x_wconf 98' lang='grc' dir='ltr'>Η</span> <span class='ocrx_word' id='word_1_253' title='bbox 1285 2410 1309 2449; x_wconf 83' lang='grc'><strong>7</strong></span> <span class='ocrx_word' id='word_1_254' title='bbox 1340 2410 1519 2461; x_wconf 86' lang='lat' dir='ltr'>siquam</span> <span class='ocrx_word' id='word_1_255' title='bbox 1539 2407 1583 2446; x_wconf 90' lang='lat' dir='ltr'><em>B</em></span> <span class='ocrx_word' id='word_1_256' title='bbox 1609 2407 1628 2462; x_wconf 92' lang='grc' dir='ltr'>Η</span> <span class='ocrx_word' id='word_1_257' title='bbox 1657 2409 1751 2448; x_wconf 70' lang='lat' dir='ltr'>uir-¹</span> 
     </span>
    </p>
   </div>
   <div class='ocr_carea' id='block_1_6' title="bbox 9 2460 1784 2632">
    <p class='ocr_par' dir='ltr' id='par_1_6' title="bbox 9 2460 1784 2632">
     <span class='ocr_line' id='line_1_35' title="bbox 9 2460 1732 2518; baseline 0.003 -19"><span class='ocrx_word' id='word_1_258' title='bbox 9 2461 29 2507; x_wconf 49' lang='lat' dir='ltr'>a}</span> <span class='ocrx_word' id='word_1_259' title='bbox 97 2470 101 2475; x_wconf 92' lang='grc'><em>·</em></span> <span class='ocrx_word' id='word_1_260' title='bbox 139 2463 291 2516; x_wconf 87' lang='lat' dir='ltr'>ginem</span> <span class='ocrx_word' id='word_1_261' title='bbox 324 2476 347 2502; x_wconf 78' lang='lat' dir='ltr'>r</span> <span class='ocrx_word' id='word_1_262' title='bbox 395 2461 412 2516; x_wconf 97' lang='grc' dir='ltr'>Η</span> <span class='ocrx_word' id='word_1_263' title='bbox 461 2465 487 2504; x_wconf 88' lang='grc'>8</span> <span class='ocrx_word' id='word_1_264' title='bbox 518 2463 720 2516; x_wconf 86' lang='lat' dir='ltr'>precluis</span> <span class='ocrx_word' id='word_1_265' title='bbox 751 2463 836 2503; x_wconf 89' lang='lat' dir='ltr'>BD</span> <span class='ocrx_word' id='word_1_266' title='bbox 884 2460 906 2517; x_wconf 94' lang='grc' dir='ltr'>Η</span> <span class='ocrx_word' id='word_1_267' title='bbox 952 2464 1228 2504; x_wconf 86' lang='lat' dir='ltr'>erudicionis</span> <span class='ocrx_word' id='word_1_268' title='bbox 1258 2464 1300 2503; x_wconf 93' lang='lat' dir='ltr'><em>B</em></span> <span class='ocrx_word' id='word_1_269' title='bbox 1350 2462 1368 2518; x_wconf 92' lang='grc' dir='ltr'>Η</span> <span class='ocrx_word' id='word_1_270' title='bbox 1419 2467 1601 2505; x_wconf 82' lang='lat' dir='ltr'>asserta</span> <span class='ocrx_word' id='word_1_271' title='bbox 1631 2465 1672 2504; x_wconf 90' lang='lat' dir='ltr'><em>D</em></span> <span class='ocrx_word' id='word_1_272' title='bbox 1709 2461 1732 2518; x_wconf 94' lang='grc' dir='ltr'>Η</span> 
     </span>
     <span class='ocr_line' id='line_1_36' title="bbox 137 2517 1784 2574; baseline -0.001 -14"><span class='ocrx_word' id='word_1_273' title='bbox 137 2521 164 2560; x_wconf 86' lang='grc'>9</span> <span class='ocrx_word' id='word_1_274' title='bbox 196 2519 546 2572; x_wconf 83' lang='lat' dir='ltr'>prehendinatio</span> <span class='ocrx_word' id='word_1_275' title='bbox 578 2519 601 2559; x_wconf 85' lang='lat' dir='ltr'>b</span> <span class='ocrx_word' id='word_1_276' title='bbox 651 2517 669 2573; x_wconf 97' lang='grc' dir='ltr'>Η</span> <span class='ocrx_word' id='word_1_277' title='bbox 721 2523 964 2572; x_wconf 82' lang='lat' dir='ltr'>expetatur</span> <span class='ocrx_word' id='word_1_278' title='bbox 991 2522 1150 2573; x_wconf 78' lang='lat' dir='ltr'>scripsi</span> <span class='ocrx_word' id='word_1_279' title='bbox 1200 2524 1473 2574; x_wconf 85' lang='lat' dir='ltr'>expectatur</span> <span class='ocrx_word' id='word_1_280' title='bbox 1503 2520 1546 2559; x_wconf 92' lang='lat' dir='ltr'><em>B</em></span> <span class='ocrx_word' id='word_1_281' title='bbox 1586 2533 1748 2574; x_wconf 86' lang='lat' dir='ltr'>exspe-</span> <span class='ocrx_word' id='word_1_282' title='bbox 1782 2555 1784 2558; x_wconf 77' lang='grc'>,</span> 
     </span>
     <span class='ocr_line' id='line_1_37' title="bbox 137 2573 1732 2632; baseline 0.001 -16"><span class='ocrx_word' id='word_1_283' title='bbox 137 2579 292 2616; x_wconf 84' lang='lat' dir='ltr'>ctatur</span> <span class='ocrx_word' id='word_1_284' title='bbox 322 2576 360 2616; x_wconf 79' lang='lat' dir='ltr'><em>R</em></span> <span class='ocrx_word' id='word_1_285' title='bbox 408 2573 426 2629; x_wconf 96' lang='grc' dir='ltr'>Η</span> <span class='ocrx_word' id='word_1_286' title='bbox 478 2577 530 2616; x_wconf 83' lang='lat'>15</span> <span class='ocrx_word' id='word_1_287' title='bbox 559 2579 738 2616; x_wconf 84' lang='lat' dir='ltr'>tantam</span> <span class='ocrx_word' id='word_1_288' title='bbox 766 2577 925 2628; x_wconf 75' lang='lat' dir='ltr'>scripsi</span> <span class='ocrx_word' id='word_1_289' title='bbox 970 2579 1150 2618; x_wconf 86' lang='lat' dir='ltr'>tantum</span> <span class='ocrx_word' id='word_1_290' title='bbox 1181 2577 1263 2617; x_wconf 75' lang='lat' dir='ltr'>BR</span> <span class='ocrx_word' id='word_1_291' title='bbox 1311 2574 1330 2631; x_wconf 97' lang='grc' dir='ltr'>Η</span> <span class='ocrx_word' id='word_1_292' title='bbox 1387 2578 1532 2617; x_wconf 82' lang='lat' dir='ltr'>arium</span> <span class='ocrx_word' id='word_1_293' title='bbox 1561 2577 1663 2618; x_wconf 84' lang='lat' dir='ltr'>B¹R</span> <span class='ocrx_word' id='word_1_294' title='bbox 1710 2574 1732 2632; x_wconf 94' lang='grc' dir='ltr'>Η</span> 
     </span>
    </p>
   </div>
   <div class='ocr_carea' id='block_1_7' title="bbox 138 2630 1748 2857">
    <p class='ocr_par' dir='ltr' id='par_1_7' title="bbox 138 2630 1748 2857">
     <span class='ocr_line' id='line_1_38' title="bbox 138 2630 1748 2687; baseline 0.001 -15"><span class='ocrx_word' id='word_1_295' title='bbox 138 2634 390 2673; x_wconf 85' lang='lat' dir='ltr'>inuitarum</span> <span class='ocrx_word' id='word_1_296' title='bbox 422 2631 620 2684; x_wconf 77' lang='lat' dir='ltr'>Koppius</span> <span class='ocrx_word' id='word_1_297' title='bbox 659 2630 677 2685; x_wconf 99' lang='grc' dir='ltr'>Η</span> <span class='ocrx_word' id='word_1_298' title='bbox 719 2633 770 2672; x_wconf 84' lang='grc'>17</span> <span class='ocrx_word' id='word_1_299' title='bbox 803 2632 911 2672; x_wconf 85' lang='lat' dir='ltr'>dato</span> <span class='ocrx_word' id='word_1_300' title='bbox 940 2631 1041 2674; x_wconf 85' lang='lat' dir='ltr'>B¹R</span> <span class='ocrx_word' id='word_1_301' title='bbox 1081 2630 1099 2687; x_wconf 95' lang='grc' dir='ltr'>Η</span> <span class='ocrx_word' id='word_1_302' title='bbox 1149 2634 1200 2674; x_wconf 90' lang='grc'>18</span> <span class='ocrx_word' id='word_1_303' title='bbox 1233 2633 1371 2674; x_wconf 87' lang='lat' dir='ltr'>ducto</span> <span class='ocrx_word' id='word_1_304' title='bbox 1395 2631 1494 2674; x_wconf 85' lang='lat' dir='ltr'>B¹R</span> <span class='ocrx_word' id='word_1_305' title='bbox 1532 2630 1551 2687; x_wconf 99' lang='grc' dir='ltr'>Η</span> <span class='ocrx_word' id='word_1_306' title='bbox 1593 2635 1644 2675; x_wconf 88' lang='grc'>16</span> <span class='ocrx_word' id='word_1_307' title='bbox 1677 2647 1748 2674; x_wconf 88' lang='lat' dir='ltr'>ar-</span> 
     </span>
     <span class='ocr_line' id='line_1_39' title="bbox 141 2684 1671 2743; baseline 0 -13"><span class='ocrx_word' id='word_1_308' title='bbox 141 2689 318 2730; x_wconf 82' lang='lat' dir='ltr'>chanus</span> <span class='ocrx_word' id='word_1_309' title='bbox 350 2690 412 2730; x_wconf 77' lang='lat' dir='ltr'>Rb</span> <span class='ocrx_word' id='word_1_310' title='bbox 454 2686 471 2742; x_wconf 96' lang='grc' dir='ltr'>Η</span> <span class='ocrx_word' id='word_1_311' title='bbox 514 2688 722 2729; x_wconf 80' lang='lat' dir='ltr'>adsertur</span> <span class='ocrx_word' id='word_1_312' title='bbox 751 2688 787 2728; x_wconf 77' lang='lat' dir='ltr'><em>R</em></span> <span class='ocrx_word' id='word_1_313' title='bbox 825 2684 843 2742; x_wconf 97' lang='grc' dir='ltr'>Η</span> <span class='ocrx_word' id='word_1_314' title='bbox 883 2689 934 2728; x_wconf 82' lang='grc'>21</span> <span class='ocrx_word' id='word_1_315' title='bbox 968 2689 1133 2730; x_wconf 85' lang='lat' dir='ltr'>ducere</span> <span class='ocrx_word' id='word_1_316' title='bbox 1165 2690 1189 2730; x_wconf 79' lang='lat' dir='ltr'>b</span> <span class='ocrx_word' id='word_1_317' title='bbox 1228 2687 1246 2743; x_wconf 98' lang='grc' dir='ltr'>Η</span> <span class='ocrx_word' id='word_1_318' title='bbox 1285 2690 1385 2730; x_wconf 88' lang='lat' dir='ltr'>uiro</span> <span class='ocrx_word' id='word_1_319' title='bbox 1408 2689 1490 2730; x_wconf 89' lang='lat' dir='ltr'>BR</span> <span class='ocrx_word' id='word_1_320' title='bbox 1520 2691 1617 2731; x_wconf 86' lang='lat' dir='ltr'>iure</span> <span class='ocrx_word' id='word_1_321' title='bbox 1647 2690 1671 2730; x_wconf 80' lang='lat' dir='ltr'><em>b</em></span> 
     </span>
     <span class='ocr_line' id='line_1_40' title="bbox 140 2687 1734 2857; baseline 0.001 -72"><span class='ocrx_word' id='word_1_322' title='bbox 140 2746 195 2785; x_wconf 78' lang='lat'>23</span> <span class='ocrx_word' id='word_1_323' title='bbox 226 2750 324 2786; x_wconf 85' lang='lat' dir='ltr'>ante</span> <span class='ocrx_word' id='word_1_324' title='bbox 357 2745 476 2797; x_wconf 90' lang='lat' dir='ltr'>quod</span> <span class='ocrx_word' id='word_1_325' title='bbox 508 2747 607 2785; x_wconf 74' lang='lat' dir='ltr'>add.</span> <span class='ocrx_word' id='word_1_326' title='bbox 642 2745 696 2785; x_wconf 90' lang='lat' dir='ltr'>ob</span> <span class='ocrx_word' id='word_1_327' title='bbox 729 2744 751 2783; x_wconf 82' lang='lat' dir='ltr'>b</span> <span class='ocrx_word' id='word_1_328' title='bbox 802 2741 819 2796; x_wconf 96' lang='grc' dir='ltr'>Η</span> <span class='ocrx_word' id='word_1_329' title='bbox 868 2745 924 2785; x_wconf 82' lang='grc'>24</span> <span class='ocrx_word' id='word_1_330' title='bbox 954 2749 1157 2786; x_wconf 84' lang='lat' dir='ltr'>assertur</span> <span class='ocrx_word' id='word_1_331' title='bbox 1186 2745 1287 2787; x_wconf 84' lang='lat' dir='ltr'>B¹R</span> <span class='ocrx_word' id='word_1_332' title='bbox 1326 2743 1344 2799; x_wconf 95' lang='grc' dir='ltr'>Η</span> <span class='ocrx_word' id='word_1_333' title='bbox 1385 2745 1602 2799; x_wconf 88' lang='lat' dir='ltr'>quidquid</span> <span class='ocrx_word' id='word_1_334' title='bbox 1634 2746 1676 2787; x_wconf 90' lang='lat' dir='ltr'><em>B</em></span> <span class='ocrx_word' id='word_1_335' title='bbox 1722 2687 1734 2857; x_wconf 69' lang='grc' dir='ltr'>Ι</span> 
     </span>
    </p>
   </div>
   <div class='ocr_carea' id='block_1_8' title="bbox 12 2800 1663 2911">
    <p class='ocr_par' dir='ltr' id='par_1_8' title="bbox 12 2800 1663 2911">
     <span class='ocr_line' id='line_1_41' title="bbox 12 2800 1663 2855; baseline 0.001 -14"><span class='ocrx_word' id='word_1_336' title='bbox 12 2822 67 2855; x_wconf 75' lang='lat'>¹·</span> <span class='ocrx_word' id='word_1_337' title='bbox 140 2803 195 2842; x_wconf 81' lang='lat'>26</span> <span class='ocrx_word' id='word_1_338' title='bbox 223 2801 511 2842; x_wconf 61' lang='lat' dir='ltr'>accelerare</span> <span class='ocrx_word' id='word_1_339' title='bbox 551 2815 694 2855; x_wconf 67' lang='lat' dir='ltr'>mar-90</span> <span class='ocrx_word' id='word_1_340' title='bbox 729 2800 870 2841; x_wconf 76' lang='lat' dir='ltr'>Grotie·</span> <span class='ocrx_word' id='word_1_341' title='bbox 926 2802 1164 2842; x_wconf 85' lang='lat' dir='ltr'>celebrare</span> <span class='ocrx_word' id='word_1_342' title='bbox 1198 2803 1234 2843; x_wconf 78' lang='lat' dir='ltr'><em>R</em></span> <span class='ocrx_word' id='word_1_343' title='bbox 1292 2802 1589 2844; x_wconf 80' lang='lat' dir='ltr'>adcelebrare</span> <span class='ocrx_word' id='word_1_344' title='bbox 1620 2803 1663 2842; x_wconf 92' lang='lat' dir='ltr'><em>B</em></span> 
     </span>
     <span class='ocr_line' id='line_1_42' title="bbox 141 2856 529 2911; baseline 0.005 -15"><span class='ocrx_word' id='word_1_345' title='bbox 141 2858 193 2896; x_wconf 81' lang='lat'>17</span> <span class='ocrx_word' id='word_1_346' title='bbox 223 2858 403 2910; x_wconf 88' lang='lat' dir='ltr'>pigebit</span> <span class='ocrx_word' id='word_1_347' title='bbox 430 2857 471 2897; x_wconf 91' lang='lat' dir='ltr'><em>B</em></span> <span class='ocrx_word' id='word_1_348' title='bbox 511 2856 529 2911; x_wconf 98' lang='grc' dir='ltr'>Η</span> 
     </span>
    </p>
   </div>
   <div class='ocr_carea' id='block_1_9' title="bbox 1709 2687 1718 2858">
    <p class='ocr_par' dir='ltr' id='par_1_9' title="bbox 1709 2687 1718 2858">
     <span class='ocr_line' id='line_1_43' title="bbox 1709 2687 1718 2858; baseline 0 372"><span class='ocrx_word' id='word_1_349' title='bbox 1709 2687 1718 2858; x_wconf 95' lang='lat' dir='ltr'> </span> 
     </span>
    </p>
   </div>
  </div>
 </body>
</html>
