1982 3230
349 146 434 186 xx
547 141 896 184 PRAEFATIO
928 141 994 182 IN
1022 139 1395 182 MARTIANVM
1426 138 1756 181 CAPELLAM
1888 122 1892 129 '
1965 160 1982 172 ·

350 271 487 320 cibus
515 269 650 318 uelut
674 271 722 317 in
751 265 978 316 omnibus
1019 264 1311 315 editionibus
1348 265 1677 317 anterioribus
1713 265 1982 332 epilogum:

347 354 484 404 illum
521 353 615 416 legi
662 367 818 416 neque
865 350 948 414 qui
994 348 1115 399 falso
1163 350 1388 399 acumine
1433 350 1502 398 uti
1546 350 1760 401 noluerit
1795 356 1878 402 aut
1909 338 1982 403 in-

346 438 499 487 rebus
537 442 618 485 aut
655 437 703 484 in
741 434 907 484 uerbis
945 435 1213 498 quidquam
1254 435 1414 483 inesse
1453 434 1673 484 censebit
1707 449 1804 500 quo
1838 435 1964 487 Gre-

350 522 545 584 gorium
589 520 931 568 Turonensem
980 517 1225 582 epilogum
1275 516 1410 567 illum
1456 520 1595 582 operi
1638 534 1728 569 suo
1778 518 1964 571 addere

348 604 567 654 noluisse
604 610 851 667 appareat.
913 604 1077 665 itaque
1115 618 1224 651 cum
1265 602 1533 666 Gregorius
1570 617 1698 658 anno
1733 601 1840 654 539
1874 618 1963 655 na-

349 696 425 738 tus
453 689 527 745 sit,
555 690 649 736 iam
679 693 887 736 exeunte
915 685 1111 735 saeculo
1139 687 1253 750 p.C.
1283 701 1330 734 n.
1360 694 1498 735 sexto
1524 687 1790 736 Martianus
1816 678 1982 737 scho?

346 773 417 821 las
455 773 739 836 occupauit,
779 786 888 820 cum
919 785 1010 834 qua
1038 785 1092 818 re
1129 771 1312 834 optime
1349 771 1583 821 conuenit
1619 771 1750 836 quod
1781 773 1882 834 jam
1915 786 1960 823 a.

346 854 450 906 498
472 857 765 905 Martianum
794 855 1103 904 emendatum
1133 869 1241 903 esse
1270 861 1474 919 apparet
1511 871 1569 905 ex
1599 855 1960 920 subscriptione

350 941 408 989 de
437 956 530 1004 qua
560 939 743 989 dictum
772 946 844 988 est
869 955 918 1003 p.
948 939 1052 988 1111.

492 1038 622 1086 Duos
643 1037 777 1085 locos
800 1036 1074 1086 adscribam
1098 1053 1123 1086 a
1140 1036 1365 1102 Philippo
1393 1037 1547 1087 lasse
1573 1037 1693 1087 mihi
1719 1038 1966 1088 indicatos¹

350 1128 532 1185 quanto
577 1123 627 1169 in
663 1121 852 1170 honore
889 1119 981 1170 illis
1017 1122 1320 1186 temporibus
1355 1122 1624 1193 Martianus
1669 1121 1866 1182 habitus
1899 1123 1963 1173 sit

350 1205 698 1262 declaraturus
728 1205 935 1255 alterum
963 1212 1249 1269 excerptum
1277 1222 1335 1255 ex
1362 1205 1565 1271 epistula
1584 1205 1821 1257 Wibaldis
1842 1205 1960 1258 Cor-

349 1290 564 1339 beiensis
598 1289 833 1339 ecclesiae
860 1292 1197 1353 procuratoris
1224 1291 1282 1340 ad
1309 1290 1653 1354 Manegoldum
1681 1291 1797 1340 anni
1823 1287 1965 1341 1149

349 1374 479 1438 (laffe
506 1389 637 1423 mon.
667 1374 811 1424 Corb.
834 1375 853 1423 Ι
880 1373 1063 1439 ρ.279)
1094 1375 1201 1424 ‘sed
1228 1375 1342 1424 uide
1367 1390 1429 1423 ne
1456 1360 1975 1425 errauerit-iudiciumss

346 1465 483 1506 tuum
514 1459 642 1522 quod
678 1460 728 1506 in
755 1474 834 1508 me
862 1461 1118 1508 scientiam
1156 1466 1203 1509 et
1229 1459 1506 1508 facundiam
1533 1458 1798 1531 predicasti
1832 1456 1982 1524 quae

348 1542 428 1591 illo
455 1543 688 1591 Marciani
716 1542 940 1607 Capellae
967 1543 1225 1607 multiplici
1253 1549 1300 1593 et
1327 1545 1618 1606 enigmatico
1647 1542 1976 1608 epithalamio*

346 1628 633 1688 figurantur.
696 1629 837 1677 Artes
873 1644 998 1693 quae
1035 1628 1265 1678 dicuntur
1298 1627 1527 1678 liberales
1562 1633 1610 1676 et
1644 1634 1808 1678 cetera
1834 1642 1959 1693 quae

350 1711 408 1759 de
435 1712 675 1760 medicina
712 1711 792 1761 uel
829 1712 1125 1776 agricultura
1162 1712 1445 1761 scribuntur
1481 1715 1543 1762 ab
1580 1715 1777 1774 optimis
1801 1726 1960 1775 prae-

345 1798 627 1858 ceptoribus
654 1798 837 1860 accepi.
856 1801 887 1846 ,⁹
917 1797 1126 1846 alterum
1152 1797 1216 1845 ib.
1246 1812 1293 1860 p.
1317 1794 1420 1846 275
1448 1798 1703 1861 ‘quociens
1727 1796 1960 1846 Mercurii

348 1887 394 1928 et
419 1879 718 1944 philologiae
745 1881 1028 1944 coniugium
1059 1921 1070 1930 .
1185 1881 1442 1930 considero
1460 1886 1473 1906 ²
1504 1887 1615 1930 cett.

487 1979 545 2027 Et
571 1984 726 2027 totum
755 1978 953 2042 quidem
980 1994 1104 2043 opus
1134 1979 1394 2043 complecti
1420 1979 1651 2028 uidentur

489 2064 883 2112 Autricensis
912 2062 957 2120 1,
987 2063 1194 2113 membr.
1221 2061 1257 2112 4
1283 2062 1485 2125 (Haenel
1512 2068 1603 2111 cat.
1633 2078 1679 2126 p.
1711 2059 1846 2124 130.)
1939 2114 1942 2119 ,
1980 2055 1982 2057 ’

487 2162 875 2210 Autricensis
925 2159 974 2219 2,
1027 2162 1118 2211 eM.
1170 2160 1220 2210 C.
1268 2160 1327 2210 de
1373 2161 1555 2225 nuptiis
1589 2146 1957 2225 philosophiam

348 2248 585 2291 mactatus
612 2243 670 2291 de
697 2245 883 2294 artibus
911 2252 958 2294 et
985 2246 1200 2295 scientiis
1227 2246 1413 2294 uariis?

488 2341 967 2392 Aurelianensis
1012 2344 1103 2392 M.
1132 2344 1182 2393 C.
1214 2343 1259 2392 d.
1298 2358 1343 2391 n.
1371 2343 1452 2406 ph.
1493 2342 1660 2391 etM.'
1699 2356 1828 2391 saec.
1854 2341 1956 2392 XV.

348 2423 556 2473 membr.
589 2422 668 2473 12.
701 2425 970 2490 (Haenelp.
1004 2425 1139 2492 130.)

489 2522 926 2574 Bruxellensis
954 2525 1162 2574 membr
1189 2523 1240 2574 4.
1271 2523 1470 2590 (Haenel
1496 2539 1544 2589 p.
1575 2521 1710 2588 763.)

491 2620 1038 2684 Cantabrigiensis
1089 2623 1110 2672 1
1166 2623 1387 2689 (codices
1423 2624 1622 2672 Parisiis
1658 2623 1792 2671 etin
1827 2622 1957 2670 Brit-

348 2705 478 2751 tania
506 2711 728 2754 seruatos
756 2708 864 2769 quia
894 2710 978 2770 qui
1005 2708 1104 2757 huc
1122 2690 1379 2772 'pertinent
1402 2706 1516 2755 libri
1544 2721 1643 2756 non
1670 2706 1731 2755 ad
1755 2719 1982 2756 manum2

351 2794 463 2833 sunt
490 2803 547 2835 ex
574 2788 949 2839 Montefalconio
976 2790 1137 2856 laudo)
1169 2791 1258 2840 τΜ.
1286 2792 1347 2841 Μ.
1377 2791 1431 2839 F.
1455 2792 1509 2841 C.
1540 2791 1599 2841 de
1625 2797 1813 2854 septem
1840 2788 1958 2838 arti·

351 2867 443 2916 bus
480 2869 761 2923 liberalibus
799 2873 1079 2924 tractatus'.
1137 2874 1475 2938 Cantabrigiae
1511 2877 1560 2924 in
1597 2873 1714 2924 bibl.
1742 2872 1972 2939 publica.-
