1982 3230
310 133 419 186 380
479 134 481 138 ’
936 134 1202 176 SCHOLIA
1229 136 1295 178 IN

319 275 430 324 dem
467 275 711 338 opinionis
755 289 862 325 esse
897 282 945 326 et
979 281 1154 325 testem
1195 274 1366 341 [quem
1405 275 1537 342 esse]
1582 271 1922 343 Philemonem

315 346 556 394 comicum
585 345 701 394 dicit

493 414 557 465 ὃν
587 413 715 465 οὐδὲ
742 413 814 466 εἶ(
839 414 1062 478 λέληθεν
1091 414 1218 466 οὐδὲ
1245 414 1303 467 ἓν
1330 417 1504 467 ποιῶν

492 482 616 535 οὔτε
642 484 808 538 κακὸν
836 484 947 536 οὔτ’
974 483 1056 548 ἄρ’
1083 484 1287 540 ἐεθλόν,
1318 483 1478 536 οὗτός
1504 483 1599 549 εἰμ’
1624 483 1732 547 ἐγώ

492 553 631 619 Ἀήρ,
663 555 727 607 ὃν
757 553 823 607 ἄν
851 571 926 607 τις
963 553 1242 619 ὀνομάεειε
1275 555 1358 606 καὶ
1385 555 1507 606 Δία.
1961 579 1982 613 ⁵

315 650 413 700 hoc
440 659 602 702 autem
631 660 820 704 constat
847 660 896 702 et
921 655 1081 718 ipsum
1108 658 1312 704 Aratum
1339 654 1503 703 dicere

709 738 805 791 τὸν
834 738 961 790 οὐδέ
987 738 1106 790 ποτ’
1132 736 1325 802 ἄνδρες
1351 736 1523 801 ἐῶμεν

488 804 738 871 ἄρρητον.

313 918 534 969 namque
562 907 793 970 quoniam
819 905 942 955 nihil
968 907 1100 956 aliud
1128 913 1200 956 est
1223 922 1321 956 uox
1349 921 1493 970 quam
1523 919 1790 971 percussus
1815 920 1916 963 aer,

313 974 515 1024 uidetur
551 978 904 1026 conuenienter
941 976 1122 1026 dixisse
1159 978 1597 1041 auctoritatemque
1629 977 1740 1025 ueri
1771 980 1915 1040 prae·
1939 995 1982 1029 ιο

310 1050 407 1094 stat
434 1044 626 1109 ‘plenas
651 1047 769 1096 Ioue
795 1048 919 1096 uias'
957 1047 1182 1096 referens
1219 1052 1266 1096 et
1303 1047 1479 1095 eomnis
1513 1046 1768 1095 hominum
1803 1060 1919 1096 con-

312 1119 531 1165 uentus'.
574 1117 695 1166 nihil
723 1132 894 1167 eorum
923 1132 1048 1182 quae
1082 1118 1132 1165 in
1158 1122 1291 1166 terra
1318 1117 1414 1166 sint
1439 1117 1544 1165 sine
1570 1120 1685 1165 aere
1710 1120 1799 1165 est.
1837 1130 1918 1165 ra-

309 1187 445 1234 tione
473 1187 616 1235 etiam
644 1187 795 1237 ‘louis
822 1202 994 1237 omnes
1019 1202 1162 1237 usum
1191 1187 1562 1236 desideramus'.
1613 1201 1725 1235 nam
1754 1186 1919 1236 cuncti

310 1255 547 1306 mortales
582 1258 848 1307 ostendunt
881 1273 1025 1307 usum
1063 1258 1275 1321 suspirio
1315 1263 1363 1307 et
1397 1272 1486 1321 per
1521 1271 1666 1321 quem
1702 1256 1923 1306 uiuimus

233 1387 235 1389 Ι
313 1330 429 1375 aere
468 1327 705 1390 indigent.
769 1334 818 1377 at
843 1329 974 1393 quod
1013 1330 1078 1378 ait
1112 1328 1302 1378 ‘dextra
1337 1329 1578 1376 monstra'
1616 1327 1677 1376 ad
1714 1327 1917 1390 auguria
1939 1344 1982 1380 15

311 1397 527 1460 pertinet
564 1399 744 1447 auium.
802 1404 1008 1463 propter
1035 1398 1168 1463 quod
1195 1404 1242 1447 et
1268 1398 1418 1447 Stoici
1442 1397 1613 1447 Iouem
1640 1410 1746 1446 esse
1771 1396 1918 1446 adfir-

309 1471 448 1515 mant
475 1468 558 1530 qui
583 1482 674 1531 per
702 1469 959 1518 materiam
985 1474 1150 1517 manat
1175 1469 1373 1532 spiritus
1405 1463 1490 1535 [et]
1520 1466 1690 1516 similis
1717 1471 1918 1516 nostrae

309 1537 517 1586 animae.
592 1538 871 1588 Zenodotus
897 1538 1096 1588 Aetolus
1134 1544 1182 1586 et
1207 1537 1451 1586 Diodorus
1490 1538 1626 1586 aiunt
1659 1551 1752 1586 nec
1777 1535 1915 1585 fabu-

306 1604 411 1654 loso
456 1607 563 1656 Ioui
615 1608 840 1658 sufficere
889 1609 1035 1658 huius
1079 1608 1212 1657 modi
1262 1608 1560 1671 opinionem.
1625 1621 1733 1656 esse
1783 1607 1916 1656 enim
1961 1624 1963 1626 ·

306 1675 518 1726 natalem
554 1693 752 1728 causam
777 1679 945 1728 Iouem
982 1684 1030 1727 et
1066 1678 1332 1727 conuenire
1367 1691 1539 1727 omnes
1572 1678 1678 1727 uias
1713 1691 1772 1726 eo
1798 1689 1915 1725 con·
1935 1700 1982 1734 20

308 1746 476 1804 fertaS,
507 1763 629 1812 quas
663 1757 911 1813 tamquam
938 1747 1047 1798 loco
1077 1749 1180 1798 eius
1207 1747 1456 1797 describit.
1509 1746 1717 1797 dicendo
1753 1752 1917 1796 autem

304 1906 426 1941 ctum
465 1904 604 1944 ἀεῖραι·
649 1901 669 1959 Η
720 1905 741 1942 1
795 1915 894 1943 esse
935 1903 1195 1956 oppinionis
1231 1901 1273 1941 B
1313 1898 1332 1955 Η
1378 1914 1511 1953 quem
1551 1913 1652 1941 esse
1692 1901 1806 1954 (q'ue
1843 1899 1914 1952 B)

302 1959 442 1998 deleuz·
458 1955 480 2012 Η
506 1959 822 2001 Philemonem
851 1959 985 2000 Mein.
1012 1960 1168 2012 fragm.
1206 1971 1308 1999 com.
1343 1959 1495 1999 Graec.
1526 1958 1645 1998 IIII
1677 1971 1720 2010 p.
1755 1957 1814 1996 32
1844 1957 1918 2009 qui

300 2027 438 2054 uerss.
479 2018 668 2057 restituit
704 2015 943 2056 Philonem
975 2015 1008 2055 0
1053 2012 1073 2069 Η
1118 2017 1144 2056 3
1184 2014 1269 2056 ΟΝ
1311 2011 1476 2057 ΟΥΔΕ
1524 2013 1610 2057 GlC
1658 2011 1911 2055 ΛΕΛΙΘΗΝ

304 2069 474 2114 ΟΥΔΕ
507 2070 826 2123 ΕΝ,,,ΠΟΙΟ)Ν
861 2069 1032 2115 ΟΥΤΕ
1067 2071 1215 2114 mxu
1245 2070 1410 2117 ΟΥΤΕ
1451 2071 1516 2115 ΓΕ
1548 2071 1746 2116 ecem
1780 2068 1910 2111 ΟΥΓ

305 2126 488 2170 ceum-:¹
537 2125 669 2171 ΕΙΛΟ]
706 2128 822 2171 ΔΗΡ
865 2127 950 2171 ΟΝ
993 2129 1168 2171 ΔΝΤΙΟ
1213 2127 1548 2173 ΟΝΟΜΛΟΕΙΕ
1576 2129 1670 2171 ’ΚΑΙ
1711 2125 1916 2169 ΔΕΙΛ.Β

303 2181 554 2225 ΟΝΟΥΔΕ
584 2184 668 2229 etc
710 2183 912 2228 ΔΕΛΙΕΝ
947 2184 1146 2227 ΝΟΥΛΕ
1175 2184 1456 2229 ΕΝΙΤΟΥω
1497 2184 1721 2227 ΝΟΥΤΟ
1766 2183 1919 2237 mxu

304 2239 473 2283 ΟΥΤΕ
499 2239 639 2288 ΓΕΕΟ
661 2240 979 2287 θᾶΝΟΙΕΕΥ
1004 2241 1193 2286 melem)
1214 2243 1556 2287 ΑΝΡΟΝΑΝΤΙ
1582 2239 1914 2287 (ΞΟΝΟΜΛΕΕ

302 2296 567 2341 nemmem
596 2303 639 2343 P
671 2299 692 2356 [J
733 2302 756 2340 7
778 2317 818 2343 u.
844 2305 867 2342 1
901 2299 1032 2342 τοΝ
1059 2298 1370 2343 οΥΔεΠοτ
1388 2298 1468 2344 ἈΝ
1492 2297 1712 2344 ΑΝΛΡεε
1739 2295 1910 2348 emme

299 2355 564 2399 ΑΡΡΙΤΟΝ
606 2358 649 2397 Β
700 2357 832 2399 ΤΟΝ
876 2356 1167 2400 ΟΥΛΕΝΟΤ
1200 2357 1423 2400 ΛΝΑΡΕΤ
1452 2356 1612 2405 ΕωΜέ
1641 2356 1906 2401 ΑΡΡΙΤΟΝ

296 2414 339 2469 P
375 2411 394 2468 Η
433 2417 459 2456 8
490 2427 580 2456 nox
611 2413 700 2468 qi'io
730 2415 844 2456 mihi
874 2416 991 2456 nihil
1023 2416 1152 2468 (mihi
1173 2415 1368 2470 deletum)
1401 2416 1442 2456 B
1482 2414 1501 2471 Η
1541 2418 1594 2458 10
1622 2415 1724 2456 ueri
1750 2417 1912 2469 scripsi

298 2470 367 2510 rei
392 2470 426 2511 0
460 2467 480 2524 Η
520 2473 572 2512 12
593 2472 771 2513 ratione
792 2471 949 2525 Breys.
973 2473 1145 2513 rationi
1177 2472 1211 2512 G
1245 2469 1267 2527 Η
1306 2475 1358 2515 13
1388 2473 1511 2514 Iouis
1541 2473 1698 2525 Breys.
1731 2470 1913 2523 (omnes

298 2527 430 2567 cuius
460 2526 520 2579 B)
562 2528 691 2568 cuius
722 2529 765 2568 P
793 2525 812 2581 Η
853 2530 1006 2570 cuncti
1035 2532 1157 2583 uulyo
1205 2541 1321 2570 eune
1357 2534 1558 2583 sequente
1595 2540 1729 2569 uacuo
1764 2531 1911 2579 spacio

294 2583 387 2622 sine
414 2596 503 2623 ras.
536 2584 578 2623 P
606 2587 775 2628 cuncta
803 2584 846 2624 B
866 2582 885 2638 Η
907 2587 959 2624 14
989 2585 1230 2627 ostendunt
1260 2585 1324 2626 bis
1341 2587 1545 2637 scriptum
1563 2587 1607 2626 in
1626 2585 1668 2623 P
1693 2580 1712 2637 Η
1748 2585 1795 2623 et
1823 2596 1909 2637 per

298 2650 431 2690 quem
461 2638 620 2692 Breys.
643 2641 722 2681 sed
743 2653 825 2692 per
847 2654 964 2693 quae
986 2643 1027 2682 P
1055 2641 1135 2682 sed
1159 2654 1320 2694 q:·per
1338 2641 1380 2681 B
1400 2638 1419 2695 Η
1449 2643 1501 2682 15
1524 2644 1572 2681 at
1590 2643 1713 2692 uitlyo
1736 2638 1795 2678 ad
1817 2640 1851 2680 G
1867 2637 1888 2694 Η

296 2695 493 2736 auriaB
531 2693 552 2750 Η
591 2698 643 2738 16
680 2697 912 2749 pertinent
944 2697 978 2738 0
1013 2711 1126 2740 corr.
1166 2698 1211 2737 V
1254 2694 1273 2751 Η
1330 2699 1381 2738 17
1415 2700 1461 2737 et
1498 2696 1635 2738 deleui
1678 2691 1699 2748 Η
1744 2699 1930 2738 nostra*

212 2776 219 2781 ,.
296 2751 451 2792 anima
472 2752 506 2792 Ο
525 2766 640 2794 corr.
671 2754 715 2794 V
777 2754 828 2793 17
854 2753 1114 2795 Nenodotus
1134 2755 1176 2794 P
1192 2751 1211 2807 Η
1232 2753 1410 2795 eotolus
1435 2753 1468 2793 C
1490 2749 1509 2806 Η
1539 2754 1591 2793 19
1610 2751 1731 2791 iouis
1751 2752 1909 2800 deinde
1953 2787 1957 2792 .

294 2808 474 2849 deletum
496 2821 597 2850 esse
616 2811 660 2850 in
679 2809 722 2849 B
754 2807 761 2863 Ι
783 2808 966 2851 efficere
991 2811 1024 2851 Ο
1042 2823 1154 2852 corr.
1183 2811 1230 2851 V
1252 2809 1440 2851 officere
1459 2808 1617 2860 Breys.
1638 2803 1657 2860 Η
1686 2807 1784 2848 eius
1804 2807 1848 2848 B
1866 2806 1888 2863 Η

295 2865 590 2916 oppinionem
611 2866 653 2906 B
674 2863 693 2920 Η
712 2866 919 2907 natalem
940 2867 1144 2908 Hertzius
1163 2865 1306 2908 talem
1329 2866 1363 2907 0
1379 2862 1398 2918 Η
1417 2865 1469 2905 21
1491 2867 1647 2904 tamen
1665 2864 1708 2902 P
1724 2861 1744 2918 Η
