1982 3230
198 143 299 196 166
674 143 972 186 MARTIANI
1001 143 1323 186 CAPELLAE

198 286 400 335 ubinam
437 288 654 348 gentium
688 284 882 333 sumus?
927 299 1076 347 quam
1113 300 1215 335 rem
1251 288 1502 350 publicam
1536 285 1800 338 habemus?

188 357 247 404 >in
264 371 359 420 qua
380 355 506 403 urbe
533 354 776 402 uiuimus?
802 352 896 409 hic,
918 353 997 402 hic
1017 362 1131 414 sunt
1156 364 1324 406 nostro
1344 357 1393 406 in
1419 371 1644 415 numero,
1673 371 1720 420 p.
1737 361 1800 407 o.'

196 425 380 475 similes
416 424 496 472 alii
531 425 892 488 permiscentur
917 425 1118 475 affectus
1146 426 1228 490 qui
1263 441 1376 475 cum
1402 427 1463 476 ad
1497 428 1800 490 persuaden-

198 495 313 543 dum
341 493 610 558 plurimum
636 493 847 551 ualeant,
877 502 1013 543 extra
1040 509 1237 545 causam
1265 502 1429 546 tamen
1457 502 1570 546 sunt
1596 512 1690 547 nec
1716 512 1800 562 ap-

195 579 373 629 parere
399 565 448 613 in
476 571 671 631 oratore
708 565 1014 615 manifestius
1041 566 1244 623 dehent,
1274 581 1336 615 ne
1361 567 1552 617 insidiis
1589 567 1800 616 iudicem
1845 578 1867 611 5

199 650 394 699 capere,
424 649 524 683 non
553 636 743 684 ratione
771 636 952 685 ducere
980 636 1225 686 uideatur.

86 761 168 803 506
340 747 426 796 His
470 749 617 809 igitur
662 747 722 796 ad
767 747 913 796 fidem
958 748 1228 797 faciendam
1269 748 1540 812 prudenter
1589 749 1801 798 inuentis

199 817 321 866 ordo
347 832 517 866 rerum
545 824 616 866 est
651 818 936 875 socianduS‚
966 834 1089 882 quae
1115 834 1231 882 pars
1258 831 1589 869 DISPOSITIO
1617 820 1803 868 uocita-

199 893 294 943 tur,
323 903 418 951 qua
439 888 555 951 quid
577 887 837 936 dicendum
862 880 1034 951 quoue*
1059 888 1184 944 loc0,
1214 890 1330 953 quid
1356 890 1551 953 penitus
1577 889 1803 938 omitten-

200 958 332 1013 dum,
361 972 457 1021 quo
493 958 639 1006 modo
669 959 814 1006 etiam
844 966 890 1006 et
916 959 1110 1021 quando
1137 965 1185 1007 et
1220 959 1305 1008 ubi
1344 960 1616 1023 prudenter
1651 959 1802 1023 inspi-
1828 970 1869 1002 10

201 1029 371 1076 cimus,
447 1027 627 1090 duplex
661 1028 810 1090 igitur
846 1028 990 1077 huius
1029 1030 1181 1091 partis
1226 1036 1298 1078 est
1342 1030 1482 1078 ratio,
1558 1037 1640 1078 aut
1675 1029 1806 1078 enim

200 1097 435 1147 naturalis
465 1105 537 1147 est
562 1098 685 1146 ordo
712 1106 796 1146 aut
822 1099 1031 1146 oratoris
1057 1099 1260 1147 artificio
1290 1104 1634 1162 comparatur:
1662 1103 1804 1146 natu-

198 1166 316 1216 ralis
363 1183 472 1216 cum
522 1174 634 1230 post
676 1169 976 1232 principium
1027 1169 1244 1217 narratio
1288 1170 1486 1231 partitio
1532 1167 1804 1231 propositio

201 1239 559 1301 argumentatio
588 1237 837 1287 conclusio
876 1237 1193 1303 epilogusque
1221 1240 1564 1303 consequitur:
1604 1236 1807 1286 artificio

201 1310 411 1356 oratoris
458 1323 568 1357 cum
606 1322 696 1371 per
731 1308 955 1357 membra
992 1310 1229 1357 orationis
1265 1324 1389 1372 quae
1437 1308 1646 1357 dicenda
1686 1312 1807 1356 *sunt
1831 1317 1872 1350 15

201 1378 484 1440 digerimus,
562 1385 609 1426 et
642 1378 738 1426 hoc
773 1394 832 1426 ex
868 1393 1042 1426 causae
1088 1378 1296 1427 utilitate
1332 1394 1431 1427 non
1471 1394 1530 1426 ex
1570 1377 1808 1440 temporis

201 1449 328 1496 serie
366 1454 651 1510 coaptamus
688 1455 740 1496 ut
765 1463 856 1511 pro
884 1447 1062 1497 Milone
1101 1448 1311 1503 factum,
1351 1449 1806 1510 euinquaestiones

201 1517 436 1581 quasdam
465 1524 576 1566 ante
611 1519 945 1567 narrationem
971 1523 1025 1566 ut
1049 1518 1352 1581 praeiudicia
1387 1518 1631 1566 refutaret
1666 1515 1805 1565 indu-

202 1589 295 1643 xit,
324 1588 455 1650 quod
492 1603 592 1635 non
630 1604 687 1636 ex
724 1587 895 1636 ordine
931 1594 1134 1637 naturae
1172 1588 1258 1637 sed
1297 1604 1355 1636 ex
1392 1603 1568 1636 causae
1601 1585 1808 1635 utilitate

200 1659 431 1707 mutauit:
493 1664 541 1706 et
576 1672 667 1720 pro
706 1657 931 1708 Cornelio
970 1659 1129 1719 primo
1176 1658 1386 1707 refutata
1424 1662 1538 1706 sunt
1586 1656 1805 1710 crimina,
1832 1666 1874 1698 20

204 1743 329 1791 quae
365 1734 533 1777 secuta
569 1734 683 1777 sunt
719 1727 1048 1783 tribunatum,
1078 1733 1188 1790 post
1214 1727 1274 1776 ad
1310 1728 1471 1789 ipsum
1506 1725 1808 1775 tribunatum

202 1813 436 1847 recursus
474 1805 548 1847 est
573 1798 754 1854 factus,
782 1813 907 1861 quae
946 1797 1195 1861 dispositio
1234 1796 1496 1846 artificialis
1521 1802 1576 1844 ut
1602 1795 1810 1844 diximus

91 1878 173 1920 507
203 1869 500 1917 nominatur.
577 1870 627 1916 in
652 1867 858 1917 Verrem
884 1874 1044 1916 autem
1074 1867 1344 1917 naturalem
1370 1873 1653 1929 temporum
1679 1864 1811 1914 ordi-

202 1953 317 1987 nem
338 1940 506 1995 tenuit,
524 1944 577 1987 ut
596 1939 810 2001 primum
833 1943 1162 2002 quaesturam,
1178 1943 1280 1986 tum
1300 1937 1612 2010 legationem,
1634 1933 1812 1983 deinde

204 2008 326 2057 duas
375 2010 420 2057 ei
465 2014 724 2072 praeturas
769 2007 989 2057 obiceret
1031 2014 1227 2056 seruata
1276 2014 1555 2071 temporum
1603 2005 1807 2061 ratione,
1833 2013 1875 2046 25

204 2093 368 2142 quam,
409 2079 500 2126 nisi
526 2092 702 2127 causae
727 2084 972 2141 repugnet
1004 2076 1200 2133 utilitaS,
1239 2078 1518 2126 necessario
1545 2089 1811 2138 perseque-

204 2162 333 2196 mur.
411 2154 460 2196 at
483 2147 569 2196 ubi
595 2148 776 2196 maiora
805 2162 1028 2210 quaeque
1063 2147 1371 2211 potissimum
1409 2153 1457 2194 et
1492 2145 1813 2194 inuidiosiora

204 2217 461 2280 purganda
497 2223 633 2273 sunt,
675 2216 735 2265 ab
761 2217 839 2265 his
865 2218 1074 2265 sumitur
1107 2216 1415 2264 refutationis
1443 2215 1721 2269 exordium,
1758 2218 1814 2261 ut

205 2301 297 2349 pro
325 2285 546 2336 Cluentio
583 2287 898 2336 coniecturae
936 2285 1158 2349 partibus
1195 2285 1436 2348 expeditis
1471 2284 1530 2332 ad
1568 2282 1812 2346 praescri-

206 2358 427 2420 ptionem
461 2356 584 2419 legis
616 2358 828 2422 'accessit
863 2356 1036 2404 ordine
1063 2354 1293 2404 uidelicet
1320 2359 1642 2411 commutato,
1679 2366 1743 2400 ne
1768 2352 1810 2399 si
1832 2362 1873 2394 30

209 2425 482 2476 Cluentium
509 2426 632 2488 legis
657 2427 934 2475 adsertione
962 2425 1263 2480 defenderet,
1293 2425 1464 2487 fugere
1492 2437 1689 2471 causam
1718 2420 1808 2469 dif-
1899 2428 1902 2429 ’

57 2507 188 2548 1656
208 2496 405 2546 fidentia
430 2497 695 2546 uideretur.

95 2605 179 2648 508
352 2594 551 2644 Duabus
586 2595 661 2644 liis
698 2595 842 2656 oflicii
879 2593 1102 2656 partibus
1142 2590 1376 2640 absolutis
1424 2579 1811 2651 ELOCV'IJIONIS

324 2793 349 2829 6
381 2791 549 2831 ducere
572 2791 655 2830 BR
686 2789 912 2830 deducere
940 2802 965 2827 r
1010 2784 1029 2841 Η
1075 2789 1101 2827 8
1134 2799 1223 2838 qua
1244 2787 1281 2826 R
1314 2785 1419 2837 quia
1446 2783 1488 2822 B
1536 2779 1554 2835 ss
1602 2784 1628 2822 9
1658 2779 1814 2833 poeni-

211 2851 286 2885 tus
315 2846 356 2885 B
405 2844 424 2899 Η
475 2849 525 2887 17
567 2849 831 2899 oooptamus
863 2842 979 2884 B¹R1
1030 2840 1049 2897 Η
1096 2845 1150 2882 20
1189 2843 1334 2894 prima
1363 2838 1423 2879 Β1
1468 2835 1492 2891 ss
1537 2838 1591 2878 25
1632 2838 1676 2876 ei
1706 2836 1729 2875 b
1769 2838 1816 2875 et

210 2900 293 2942 BR
340 2898 359 2953 ΙΙ
409 2905 463 2942 30
495 2903 789 2943 commutatio
810 2899 924 2940 B¹R¹
977 2896 995 2953 Η
1034 2898 1095 2940 ‘31
1127 2896 1396 2965 defenderet
1427 2898 1474 2934 et
1503 2891 1564 2933 B¹
1603 2889 1624 2946 [1
