1982 3230
761 107 948 149 LIBER
977 106 1025 149 11
1621 105 1694 158 39

23 277 44 300 ,·.
82 249 326 316 quaedam
374 249 670 313 augustioris
732 247 898 299 uultus
948 247 1128 299 femina
1188 264 1246 299 ac
1302 263 1445 300 sacro
1506 248 1691 299 lumine

18 314 22 318 ’
83 320 400 385 aetherioque
443 318 766 384 resplendens
809 318 1085 370 uenerabili
1124 321 1364 370 antistitio
1411 321 1691 384 praemine-

84 390 182 448 bat,
209 406 356 456 quam
382 405 495 440 cum
521 404 692 441 omnes
720 392 805 455 qui
840 389 1043 441 adfuere
1079 391 1451 456 conspicerent,
1489 392 1691 441 reveriti

84 461 298 512 inclitam
322 462 627 511 maiestatem
652 469 707 511 ut
733 461 940 511 deorum
968 462 1186 511 omnium
1223 461 1492 526 mundique
1527 467 1692 512 custo-

24 532 209 585 sidem.
259 532 375 582 huic
398 531 691 583 Athanasiae
718 546 899 581 nomen
918 531 1024 581 fuit.
1069 533 1139 582 ‘et
1151 531 1295 582 heus'
1321 533 1478 597 inquit
1505 533 1688 598 ξ111180,

85 603 331 667 praecepit
356 602 562 652 deorum
588 609 728 667 pater
754 603 844 652 hac
868 601 1024 665 regali
1058 601 1231 652 lectica
1267 603 1319 652 in
1355 602 1478 652 caeli
1513 602 1690 667 palatia

82 673 397 731 subuehariS,
425 689 571 738 quam
599 673 797 738 quidem
832 672 952 723 nulli
988 673 1060 723 fas
1095 673 1371 724 adtrectare
1404 675 1686 737 terrigenae
1721 684 1836 725 3563

30 749 33 765 “’
84 750 132 792 et
166 759 256 794 nec
292 743 381 794 tibi
417 744 615 809 quidem
652 746 745 808 ipsi
782 749 896 794 ante
922 750 1146 795 nostrum
1173 743 1407 810 poculum
1436 743 1586 796 licet.'
1643 751 1692 794 et
1724 754 1805 795 135

82 829 194 878 cum
227 814 358 864 dicto
400 814 576 864 leniter
619 815 791 865 dextra
826 815 991 865 cordis
1041 817 1148 866 eius
1186 814 1383 880 pulsum
1420 822 1691 881 pectusque

16 896 60 933 ιο
81 890 348 950 pertractat
396 901 454 935 ac
502 887 669 936 nescio
721 901 816 951 qua
864 887 1035 936 intima
1084 885 1385 950 plenitudine
1422 887 1688 937 distentum

80 970 257 1019 magno
285 971 397 1006 cum
423 962 625 1020 turgore
651 957 923 1022 respiciens
968 960 983 984 ³
1002 958 1052 1006 ni
1078 957 1229 1007 haec'
1279 958 1438 1023 inquit
1476 961 1491 985 ²
1509 957 1689 1023 quibus

81 1025 280 1089 plenum
306 1035 480 1091 pectus
506 1030 638 1092 geris
673 1028 976 1077 coactissima
1013 1030 1262 1091 egestione
1299 1030 1580 1078 euomueris
1618 1029 1690 1078 so-

82 1111 262 1162 rasque
294 1097 571 1155 diffuderis,
607 1097 984 1148 immortalitatis
1009 1099 1177 1149 sedem
1213 1097 1345 1149 nulla
1382 1106 1527 1150 tenus
1563 1101 1691 1164 opti·

83 1167 259 1218 nebis.²
313 1175 362 1218 at
408 1167 490 1217 illa
526 1170 658 1218 omni
709 1170 818 1218 nisu
869 1184 1144 1233 magnaque
1195 1171 1244 1219 ui
1286 1170 1515 1235 quicquid
1560 1172 1688 1219 intra

18 1249 61 1282 15
81 1244 254 1303 pectus
280 1254 475 1303 semper
500 1246 722 1290 senserat
747 1239 1021 1289 euomebat.
1083 1245 1202 1290 tunc
1238 1255 1360 1290 uero
1399 1240 1480 1290 illa
1506 1256 1687 1291 nausea
1722 1253 1805 1291 136

81 1323 140 1358 ac
164 1310 367 1359 uomitio
392 1309 612 1359 laborata
637 1311 687 1358 in
715 1312 1033 1372 omnigenum
1071 1312 1235 1375 copias
1271 1313 1576 1361 conuertitur
1612 1312 1689 1360 lit-

80 1386 315 1429 terarum.
370 1394 576 1430 cernere
604 1387 708 1430 erat
735 1381 818 1445 qui
843 1379 957 1430 libri
984 1388 1265 1446 quantaque
1291 1381 1543 1432 uolumina
1572 1390 1691 1447 quot

79 1449 357 1514 linguarum
392 1466 543 1515 opera
578 1466 638 1500 ex
664 1466 750 1500 ore
786 1452 989 1516 uirginis
1014 1452 1317 1503 diffluebant.
1371 1453 1462 1503 alia
1499 1469 1559 1503 ex
1603 1469 1689 1518 pa-

79 1535 201 1584 pyro
228 1536 353 1586 quae
379 1521 528 1571 cedro
556 1521 735 1587 perlita
763 1523 925 1572 fuerat
951 1522 1265 1580 uidebantur,
1303 1523 1383 1573 alii
1420 1523 1691 1574 carbasinis

13 1602 57 1636 so
79 1590 410 1641 uoluminibus
434 1591 728 1659 impli-<cati
761 1591 897 1649 libri,
928 1609 987 1643 ex
1014 1593 1174 1644 ouillis
1200 1593 1340 1644 multi
1365 1610 1563 1660 quoque
1590 1603 1689 1645 ter·

78 1661 282 1726 goribus
314 1663 416 1712 rari
441 1678 562 1713 uero
589 1666 637 1713 in
663 1662 883 1729 philyrae
918 1666 1102 1715 cortice
1136 1664 1399 1715 subnotati.
1452 1674 1691 1730 erantque
1725 1680 1804 1719 137

79 1732 277 1798 quidam
303 1748 444 1783 sacra
472 1734 731 1797 nigredine
757 1734 978 1791 colorati,
1008 1751 1222 1799 quorum
1249 1736 1440 1786 litterae
1468 1739 1687 1786 animan—

79 1810 184 1852 tum
220 1803 550 1854 credebantur
585 1805 771 1868 effigies
809 1820 1029 1869 quasque
1064 1805 1307 1856 librorum
1353 1813 1494 1856 notas
1539 1807 1687 1856 Atha·

79 1875 214 1923 nasia
264 1876 574 1939 conspiciens
633 1874 926 1940 quibusdam
978 1876 1309 1927 eminentibus
1360 1879 1491 1927 saxis
1549 1879 1690 1928 iussit

17 1953 59 1986 25
82 1943 261 1993 ascribi
287 1950 435 2008 atque
460 1946 589 1996 intra
615 1960 817 2010 specum
842 1962 933 2011 per
967 1948 1315 2012 Aegyptiorum
1356 1948 1498 2013 adyta
1534 1947 1689 1998 collo-

81 2015 181 2063 cari
229 2015 499 2079 eademque
545 2031 659 2066 saxa
695 2015 841 2066 stelas
885 2016 1137 2082 appellans
1180 2018 1387 2068 deorum
1432 2025 1687 2069 stemmata

80 2087 332 2150 praecepit
365 2087 631 2136 continere.
693 2087 776 2137 sed
817 2088 932 2137 dum
967 2087 1079 2138 talia
1112 2091 1253 2153 uirgo
1288 2090 1532 2140 undanter
1570 2106 1687 2140 euo-
1723 2105 1804 2145 138

80 2163 239 2205 meret
272 2155 463 2220 puellae
500 2173 647 2223 quam
673 2157 871 2222 plures,
910 2174 1116 2223 quarum
1145 2160 1288 2210 Artes
1323 2159 1461 2217 aliae,
1505 2160 1687 2211 alterae

81 2225 237 2276 dictae
262 2234 376 2276 sunt
401 2227 718 2292 Disciplinae,
747 2228 956 2279 subinde
982 2246 1106 2296 quae
1135 2247 1194 2280 ex
1217 2246 1303 2281 ore
1333 2233 1474 2295 uirgo
1503 2232 1687 2283 effude-

21 2304 58 2339 30
79 2303 156 2345 rat
182 2295 490 2362 colligebant,
518 2300 567 2348 in
595 2314 737 2349 suum
766 2315 863 2349 una
890 2316 1113 2365 quaeque
1133 2300 1328 2352 illarum
1351 2304 1686 2353 necessarium

79 2382 222 2429 usum
248 2368 627 2436 facultatemque
653 2372 947 2434 corripiens.
1007 2373 1142 2437 ipsae
1169 2375 1315 2422 etiam
1342 2373 1509 2423 Musae
1546 2389 1689 2437 prae-

191 2509 217 2548 2
249 2509 556 2563 aethereoque
576 2524 604 2563 p
639 2511 887 2565 athereque
910 2513 993 2554 BR
1019 2509 1039 2567 ss
1081 2515 1321 2555 antestitio
1343 2516 1380 2555 R
1416 2511 1436 2568 11
1477 2516 1537 2555 ad
1555 2527 1687 2567 prae—

78 2563 287 2605 minebat
307 2567 405 2606 add.
435 2565 571 2607 inite
594 2567 616 2607 b
643 2563 665 2621 ss
703 2569 728 2608 5
760 2571 1003 2610 atanasiae
1026 2570 1107 2611 BR
1134 2567 1153 2624 ss
1181 2567 1219 2611 '7'
1237 2571 1478 2611 subuearis
1500 2571 1536 2611 R
1563 2567 1582 2624 Η
1613 2570 1689 2611 ad—

79 2622 271 2661 trectari
291 2622 333 2661 B
362 2619 381 2676 [Ι
407 2624 434 2663 8
466 2627 512 2662 et
531 2625 688 2675 scripsi
717 2624 799 2664 sed
820 2625 901 2666 BR
928 2623 948 2679 [l
975 2627 1064 2679 ipsi
1085 2629 1243 2679 scripsi
1272 2628 1311 2667 si
1331 2627 1412 2668 BR
1440 2624 1461 2681 [l
1500 2629 1550 2667 12
1584 2640 1687 2667 euo—

80 2678 252 2718 mueris
279 2681 438 2732 scripsi
465 2681 694 2720 uomueris
715 2680 795 2722 BR
850 2677 868 2735 ΙΙ
919 2684 970 2723 13
1002 2683 1234 2723 obtinebis
1256 2684 1293 2724 R
1348 2680 1367 2737 11
1426 2685 1477 2724 15
1508 2696 1692 2736 semper

76 2729 148 2785 (ut
168 2733 354 2788 uidetur)
376 2741 474 2776 ante
497 2739 707 2776 senserat
728 2750 893 2778 erasum
913 2741 954 2778 in
974 2738 1016 2778 B
1054 2735 1072 2791 Η
1112 2740 1277 2779 nausia
1297 2738 1397 2780 B¹R
1425 2737 1446 2793 Η
1487 2741 1537 2780 17
1553 2740 1691 2792 -quod

30 2831 33 2837 ,
79 2786 182 2830 B¹R
218 2787 238 2844 Η
288 2793 340 2832 19
378 2792 625 2833 fuerantB
664 2789 683 2846 Η
724 2795 776 2833 21
817 2793 1119 2846 phyllyraeB
1148 2795 1344 2848 philirae
1367 2797 1406 2835 D
1445 2793 1464 2850 [Ι
1505 2798 1557 2837 22
1591 2797 1687 2837 ani-

81 2845 267 2886 malium
296 2847 320 2888 b
358 2844 378 2902 Η
425 2850 479 2890 23
518 2850 735 2889 atanasia
757 2850 840 2890 BD
870 2853 1000 2891 etita
1028 2853 1201 2903 saepius
1238 2848 1258 2906 ΙΙ
1304 2853 1358 2893 25
1399 2853 1689 2906 egyptiorum

83 2899 271 2943 aditaD
317 2900 337 2957 ΙΙ
384 2906 438 2945 26
470 2905 692 2947 stellasD
740 2903 758 2957 ΙΙ
