1982 3230
787 64 975 112 LIBER
1005 67 1046 111 v
1636 66 1732 120 151

121 214 410 265 strationem
439 212 618 262 formet
642 210 830 275 primae
851 212 989 261 uocis
1013 211 1241 276 ingestio,
1282 209 1576 276 plerumque
1605 210 1735 260 enim

121 284 338 336 secunda
363 284 463 334 uim
489 282 773 332 intentionis
793 283 1014 340 incutiet,
1041 283 1163 331 utin
1187 281 1282 331 hoc
1306 281 1435 331 ‘uiro
1457 280 1575 330 forti
1594 295 1735 346 prae-

125 357 277 405 mium
305 354 432 420 quod
460 351 616 403 uolet:
647 353 730 417 qui
750 352 941 402 fortiter
960 352 1078 403 fecit
1099 352 1221 416 petit
1240 352 1513 416 praemium
1538 352 1738 417 nuptias

127 427 296 476 uxoris
321 424 542 475 alienae'.
602 425 667 473 ·in
695 437 792 487 quo
820 425 904 488 qui
930 424 1053 488 petit
1077 424 1372 487 praemium,
1401 425 1517 488 quia
1542 422 1736 473 nullum

80 507 106 541 5
127 502 263 562 putat
296 511 323 545 e
358 493 579 551 diuers0,
626 493 747 543 nihil
781 493 990 543 intendit
1032 493 1119 543 sed
1154 494 1360 543 maritus
1400 493 1738 544 contradictor

126 566 357 622 intendit,
396 564 513 615 licet
538 565 756 614 secundo
793 563 903 614 loco
929 564 1157 614 uideatur
1192 578 1468 628 assurgere.
1543 565 1623 614 cui
1647 580 1740 630 per

127 636 463 700 depulsionem
492 636 570 684 uir
595 635 736 684 fortis
763 634 975 684 obstabit
1001 641 1251 700 tamquam
1280 635 1566 699 petitionem
1591 650 1738 699 prae-

124 707 209 756 mii
252 706 383 770 quod
428 712 723 771 poposcerat
760 706 1034 761 accusanti,
1086 706 1362 769 praemium
1398 706 1584 756 iustum
1629 721 1738 756 esse

125 777 458 834 contendenS‚
504 783 765 842 tamquam
799 777 842 825 si
876 775 1060 826 factum
1104 775 1301 841 aliquod
1345 777 1455 826 iure
1497 783 1739 827 tueretur.

59 858 103 892 10
124 847 239 898 item
266 849 576 912 quaestiones
601 846 799 911 legaleS,
827 862 949 911 quas
975 853 1226 910 tamquam
1255 852 1411 897 status
1431 847 1592 898 causis
1616 849 1740 897 inci·
1770 858 1856 900 460

125 918 243 969 dere
278 919 578 974 memoraui‚
616 933 716 967 non
753 918 923 967 eadem
960 916 1131 982 regula
1166 925 1528 981 percensentur
1555 919 1739 984 quippe

124 1003 250 1054 quae
286 989 337 1037 in
374 988 591 1039 secunda
619 989 984 1038 conflictatione
1010 995 1358 1052 prorumpunt.
1436 1004 1548 1038 nam
1575 990 1735 1054 prima

126 1059 347 1123 qualitati
380 1059 627 1108 tribuitur.
702 1060 853 1122 igitur
887 1059 966 1108 illa
1011 1062 1300 1109 intentionis
1345 1074 1402 1109 ac
1437 1059 1740 1125 depulsionis
1758 1070 1892 1114 1496

124 1128 295 1192 regula
322 1129 372 1178 in
399 1128 643 1194 qualitatis
667 1130 917 1194 praedicta
942 1137 1084 1195 parte
1111 1129 1354 1179 turbatur.

61 1210 103 1243 15
265 1199 408 1250 Nunc
433 1199 495 1251 τὸ
523 1199 840 1263 κρινόμενον
867 1200 1001 1264 quod
1028 1202 1204 1251 Graeci
1230 1200 1401 1250 dicunt
1427 1216 1735 1267 consequen·
1767 1214 1850 1255 461

125 1277 200 1320 ter
227 1285 488 1320 assumam.
563 1287 678 1320 nam
705 1287 818 1321 cum
845 1272 1048 1320 intentio
1076 1278 1125 1320 et
1154 1270 1379 1336 depulsio
1406 1277 1587 1322 statum
1614 1287 1734 1322 con-

127 1342 529 1405 stitutionemque
564 1342 808 1408 signaret,
847 1344 890 1390 si
925 1342 1208 1391 coniectura
1246 1342 1419 1400 fuerit,
1458 1342 1742 1393 iudicationi

122 1410 383 1475 praebebit
418 1412 603 1476 pariter
637 1414 893 1465 rationem.
967 1427 1130 1477 neque
1157 1414 1289 1462 enim
1328 1418 1402 1463 est
1427 1413 1560 1479 quod
1585 1415 1742 1478 possit

125 1481 395 1545 ponderari
429 1482 608 1532 iudicio
635 1484 728 1531 nisi
755 1484 860 1547 ipsa
886 1484 1099 1546 negatio.
1173 1485 1224 1533 in
1252 1482 1484 1549 qualitate
1509 1500 1632 1535 uero
1660 1484 1742 1535 uel

55 1563 103 1597 20
125 1552 222 1602 fine
248 1551 341 1602 alio
366 1552 493 1608 loco,
527 1568 675 1617 quam
702 1561 854 1603 status
885 1561 1106 1619 apparet,
1133 1569 1337 1605 necesse
1365 1564 1439 1605 est
1466 1552 1733 1625 [confessa]

126 1621 348 1687 depulsio
375 1622 490 1672 sacti
516 1623 694 1673 habeat
718 1626 975 1680 rationem,
1005 1640 1154 1690 quam
1179 1627 1298 1675 item
1326 1631 1584 1676 accusator
1603 1627 1740 1676 infir-

124 1700 240 1749 met,
273 1700 322 1743 et
342 1692 479 1743 uelut
501 1695 793 1744 secundaria
820 1697 1039 1759 quaestio
1067 1702 1359 1760 procreatur
1385 1711 1476 1760 per
1497 1698 1740 1748 rationem

125 1765 631 1830 inpugnationemque
674 1766 893 1815 rationis.
980 1766 1062 1815 hic
1104 1766 1223 1815 illud
1274 1766 1536 1817 iudicabile
1578 1773 1743 1832 potest

126 1835 318 1883 uersari
343 1834 493 1898 idque
520 1841 593 1884 est
619 1836 749 1899 quod
778 1838 1063 1885 aestimator
1090 1838 1202 1886 iusti
1229 1839 1419 1887 ratione
1448 1839 1738 1903 perpendat,

59 1915 104 1949 25
126 1918 270 1968 posse
297 1905 347 1953 in
374 1906 549 1968 quauis
576 1920 722 1955 causa
750 1913 798 1956 et
825 1908 984 1957 omnis
1011 1914 1163 1957 status
1191 1909 1421 1959 existere.
1483 1915 1530 1958 et
1556 1909 1739 1960 multae

126 1976 343 2024 rationes
387 1975 837 2042 infirmationesque
879 1992 1174 2028 numerosae
1212 1979 1518 2044 perindeque
1554 1980 1738 2030 iudica·

126 2046 313 2094 tionum
341 2047 527 2095 semina
564 2049 787 2112 copiosa,
817 2063 929 2098 cum
956 2063 1109 2098 unum
1145 2049 1376 2100 uidelicet
1402 2050 1585 2100 factum
1611 2050 1740 2101 mul-

126 2115 280 2179 tiplici
315 2116 506 2166 ratione
533 2117 813 2167 defenditur
838 2125 894 2168 ut
918 2118 1109 2169 Tullius
1134 2134 1226 2184 pro
1253 2120 1432 2170 Milone
1460 2121 1592 2186 quod
1619 2123 1738 2172 insi·

128 2186 370 2236 diatorem
398 2192 446 2235 et
465 2188 598 2251 quod
624 2188 817 2239 hostem
843 2189 1070 2254 publicae
1091 2191 1266 2255 quietis
1292 2193 1542 2242 occiderit.
1587 2194 1636 2242 in
1663 2193 1738 2242 his

60 2267 106 2301 80
126 2257 275 2319 igitur
296 2256 376 2307 ille
396 2264 548 2307 status
564 2261 727 2323 potius
747 2260 1021 2325 apparebit,
1050 2276 1197 2326 quem
1224 2269 1396 2312 orator
1421 2278 1513 2327 pro
1534 2263 1740 2314 utilitate

127 2326 427 2377 defensionis
462 2331 743 2393 sumpserit.
817 2329 900 2380 illa
937 2332 1083 2380 etiam
1119 2334 1245 2382 ratio
1283 2349 1342 2382 ex
1387 2335 1599 2383 oratoris
1634 2333 1739 2398 ple-

127 2411 338 2462 rumque
353 2397 686 2450 adstructione
712 2399 958 2465 colligitur
978 2407 1195 2466 tuncque
1210 2403 1348 2453 uelut
1366 2403 1630 2454 rationales
1658 2404 1740 2454 alii

125 2473 280 2517 status
309 2476 563 2530 emergent
589 2485 646 2520 ac
670 2471 740 2520 sic
766 2471 827 2520 ad
851 2471 1172 2536 probationes
1199 2475 1443 2539 scriptura
1468 2475 1736 2539 profertur.
1760 2492 1767 2498 ·

244 2624 266 2662 1
298 2623 515 2663 informet
536 2622 559 2663 b
594 2620 615 2676 [I
652 2624 678 2663 5
710 2637 733 2664 e
756 2637 833 2667 om.
856 2626 895 2666 R
927 2622 947 2679 Η
988 2627 1039 2667 12
1073 2628 1416 2681 conflictatione
1438 2630 1476 2670 Ji
1513 2625 1533 2682 ΙΙ
1575 2630 1627 2670 18
1658 2642 1738 2683 pa—

128 2678 241 2719 riter
271 2679 562 2719 iterationem
583 2678 700 2720 B¹R¹
740 2677 759 2733 Η
802 2682 852 2720 19
883 2681 1139 2733 ponderare
1169 2682 1269 2725 B¹R
1307 2681 1327 2738 Η
1366 2686 1420 2725 20
1453 2688 1524 2725 est
1551 2689 1601 2725 ut
1633 2699 1738 2726 con-

130 2734 256 2775 fessa.
287 2734 311 2775 b
343 2732 576 2786 (confessa
607 2737 762 2787 deleui)
813 2734 834 2790 ss
879 2739 933 2778 23
971 2751 1106 2791 posse
1136 2741 1318 2781 uersari
1354 2741 1490 2794 idque
1525 2754 1625 2783 esse
1655 2742 1741 2784 BR

82 2809 90 2816 ·
129 2792 245 2842 quod
262 2794 438 2832 correxi
474 2788 492 2845 ΙΙ
533 2794 587 2832 24
618 2792 753 2844 idque
775 2806 971 2835 neeesse
994 2799 1064 2835 est
1086 2809 1187 2837 esse
1209 2796 1233 2837 b
1266 2794 1286 2850 ΙΙ
1326 2799 1378 2837 31
1410 2797 1494 2838 illa.
1516 2801 1636 2840 enim
1656 2798 1680 2839 b
1701 2796 1722 2853 ll

130 2847 186 2886 33
214 2846 303 2888 hac
326 2849 363 2888 R
400 2845 419 2902 Η
462 2849 501 2888 si
521 2847 622 2889 B¹R
659 2845 678 2902 Η
718 2850 1069 2903 probationisB
1108 2849 1127 2905 Π
