1982 3230
181 446 264 486 630

179 586 259 626 631

179 867 261 907 632

171 1500 255 1540 633

142 1990 228 2031 634

293 149 398 200 212
772 149 1071 191 MARTIANI
1101 148 1420 192 CAPELLAE

294 291 387 340 bus
418 289 643 338 inolescit
669 288 897 338 uolucres
916 289 1045 355 proli
1073 305 1262 348 cursus,
1284 293 1391 358 ipso
1421 292 1639 356 spirante
1658 292 1896 343 Fauonio.

294 374 468 409 uerum
503 358 704 408 Baetica
754 367 958 410 cunctas
999 360 1226 410 ubertate
1260 361 1569 411 fecunditatis
1614 364 1898 426 prouincias

296 429 561 479 anteuenit.
638 444 764 492 quae
790 429 988 493 quidem
1025 429 1176 479 habet
1209 431 1444 480 iuridicos
1480 438 1756 481 conuentus
1781 431 1894 490 duo,

293 499 587 550 Gaditanum
638 498 1031 557 Cordubensem‚
1093 499 1273 565 oppida
1332 507 1529 550 eentum
1592 502 1899 566 septuaginta

293 571 511 634 quinque
560 568 887 619 habitantium
947 569 1255 619 multitudine
1305 569 1625 635 frequentata.
1726 572 1899 622 eadem
1940 585 1961 618 5

292 655 415 689 uero
442 639 760 704 longitudinis
795 640 1099 690 dimensione
1135 640 1429 690 distenditur
1455 656 1482 690 a
1509 640 1784 691 Castulonis
1810 658 1898 708 op-

290 711 392 775 pidi
428 710 525 759 fine
561 711 613 758 in
650 710 943 760 Gaditanum
981 710 1244 775 oppidum,
1282 711 1506 760 ducentis
1544 713 1897 777 quinquaginta

291 779 490 829 milibus
527 778 737 844 amplior
773 781 1084 837 aestimatum
1130 780 1335 830 latitudo
1364 796 1559 846 quoque
1594 783 1646 831 in
1683 783 1896 833 ducenta

291 851 466 914 uiginti
509 856 741 916 quattuor
791 850 921 900 milia
963 854 1197 901 excurrit.
1273 857 1321 900 at
1362 853 1594 902 uniuersa
1636 854 1893 917 prouincia

290 920 440 969 habet
477 927 751 970 conuentus
786 926 974 984 septem
1010 921 1443 985 Carthaginensem
1470 922 1895 972 Tarraconensem
1919 936 1959 969 ιο

291 990 800 1054 Caesaraugustanum
841 990 1155 1041 Cluniensem
1190 993 1422 1041 Asturum
1463 991 1734 1042 Lucensem
1773 992 1894 1042 Bra-

290 1076 475 1118 carum,
504 1063 726 1111 ciuitates
750 1076 872 1111 uero
898 1067 1097 1127 praeter
1122 1060 1306 1111 insulas
1332 1068 1478 1126 atque
1504 1062 1608 1111 aliis
1643 1062 1892 1112 contribu-

288 1138 364 1181 tas
400 1132 637 1182 ducentas
674 1132 938 1195 nonaginta
976 1138 1206 1197 quattuor
1242 1137 1339 1180 tota
1378 1130 1718 1195 complexione
1754 1132 1892 1182 dinu-

287 1208 461 1251 merat.
558 1203 775 1252 tenditur
826 1209 988 1251 autem
1050 1217 1140 1266 per
1189 1200 1607 1266 longi-<tudinem
1657 1208 1893 1266 quantum

286 1272 502 1337 Agrippa
554 1274 833 1322 dinumerat
889 1272 1087 1322 milibus
1149 1273 1519 1336 quadringentis
1580 1273 1887 1336 septuaginta
1911 1286 1951 1319 15

287 1343 527 1406 quinque,
564 1342 819 1397 latitudine
856 1341 1080 1392 ducentis
1127 1344 1303 1406 uiginti
1340 1348 1584 1406 quattuor,
1625 1358 1736 1391 cum
1771 1343 1892 1393 fines

286 1412 631 1477 Carthaginem
681 1428 839 1475 usque
882 1412 1225 1476 protenderet,
1278 1427 1403 1475 quae
1448 1413 1611 1476 opinio
1645 1413 1892 1476 Agrippae

287 1497 386 1531 non
425 1484 655 1547 exiguum
684 1483 894 1531 admittit
928 1497 1168 1531 errorem.
1241 1497 1355 1530 nam
1381 1482 1612 1545 Hispania
1640 1483 1799 1530 omnis
1825 1484 1889 1531 ci-

286 1554 442 1621 terior
469 1569 494 1601 a
516 1554 767 1617 Pyrenaeo
795 1554 843 1601 in
866 1551 1138 1601 Castulonis
1163 1552 1311 1600 finem
1337 1566 1427 1614 per
1453 1558 1674 1601 sescenta
1700 1558 1891 1616 septem

288 1622 417 1672 milia
442 1622 796 1687 longitudinem
822 1622 1082 1686 protrahit,
1112 1623 1252 1670 cuius
1279 1636 1366 1669 ora
1392 1620 1536 1684 paulo
1573 1621 1783 1685 amplior
1808 1637 1889 1671 ae·
1912 1636 1954 1667 20

286 1694 535 1750 stimatur‚
581 1693 784 1743 latitudo
831 1699 992 1742 autem
1035 1707 1061 1740 a
1089 1692 1372 1740 Tarracone
1416 1690 1477 1739 ad
1520 1690 1635 1740 litus
1677 1692 1890 1742 Iarsonis

285 1765 519 1813 trecentis
546 1770 734 1827 septem
770 1762 966 1812 milibus
1002 1763 1276 1818 inuenitur,
1306 1777 1332 1810 a
1358 1760 1606 1810 radicibus
1633 1761 1886 1826 Pyrenaei,

283 1833 370 1882 ubi
395 1836 651 1900 utriusque
677 1835 826 1883 maris
854 1834 1218 1897 propinquitate
1246 1831 1570 1880 concluditur.
1628 1845 1739 1880 nam
1767 1846 1885 1896 pau-

283 1904 417 1953 latim
445 1905 664 1954 diffusior
692 1905 880 1953 adiacet
906 1905 953 1952 in
980 1903 1246 1952 latitudinis
1273 1906 1655 1951 excrementum.
1850 1901 1855 1903 “

429 1975 564 2024 Idem
599 1975 747 2038 igitur
773 1975 1055 2039 Pyrenaeus
1082 1989 1153 2022 ex·
1168 1971 1263 2022 alio
1297 1971 1451 2021 latere
1478 1970 1745 2021 Galliarum
1778 1972 1885 2020 fini·
1908 1984 1949 2017 25

396 2157 420 2206 §
442 2157 525 2197 630
557 2169 612 2196 ex
633 2155 785 2196 Plinio
815 2155 885 2196 III
905 2157 930 2195 7
967 2152 981 2207 ΙΙ
1022 2155 1046 2204 ἓ
1068 2156 1148 2196 631
1183 2167 1239 2194 ex
1259 2154 1411 2194 Plinio
1444 2154 1513 2194 III
1536 2154 1588 2193 17
1617 2149 1630 2205 ΙΙ
1661 2154 1686 2203 ξ
1716 2155 1798 2195 632
1830 2166 1886 2194 ex

282 2212 435 2253 Plinio
466 2212 536 2252 ΙΙΙ
569 2212 620 2252 18
644 2215 688 2253 et
711 2213 763 2252 16
800 2207 815 2262 ΙΙ
857 2211 882 2260 ξ
913 2211 995 2252 633
1028 2223 1082 2250 ex
1111 2209 1265 2250 Plinio
1296 2210 1367 2249 111
1397 2211 1450 2248 29

399 2383 422 2421 1
456 2384 502 2421 et
518 2387 618 2434 post
638 2379 855 2420 inolescit
875 2380 974 2419 add.
998 2379 1021 2418 b
1053 2374 1068 2431 u
1096 2377 1190 2431 poli
1210 2375 1270 2416 B¹
1301 2373 1315 2430 ΙΙ
1344 2378 1370 2417 6
1401 2374 1565 2428 oppido
1587 2376 1668 2416 BR
1687 2389 1801 2419 corr.
1818 2390 1850 2429 p
1869 2375 1886 2430 ΙΙ
1971 2414 1973 2416 .

286 2440 312 2479 9
346 2437 619 2478 CCXXXIV
640 2437 699 2475 M.
723 2450 765 2488 p.
787 2436 951 2476 Plinius
979 2431 994 2488 ΙΙ
1027 2436 1078 2475 10
1099 2433 1482 2486 cartaginiensem
1503 2432 1527 2471 b
1549 2430 1563 2485 ΙΙ
1592 2436 1887 2472 terraconen-

286 2506 380 2534 sem
398 2494 435 2534 R
466 2491 480 2546 ΙΙ
511 2495 560 2532 11
584 2493 844 2532 lucrensem
865 2491 946 2531 BR
966 2504 1080 2532 corr.
1110 2490 1339 2531 Vulcanius
1373 2484 1388 2540 ΙΙ
1421 2490 1471 2527 12
1504 2488 1621 2528 alias
1641 2488 1665 2528 b
1694 2484 1710 2542 ΙΙ
1731 2490 1783 2529 13
1813 2502 1888 2529 nu-

283 2563 446 2645 metrumt
465 2550 609 2658 Ῑῇοεξιὲς
638 2562 731 2589 esse
762 2560 1042 2655 εανιιιὲἣᾳιιιιιιε
1073 2547 1168 2641 alh-ts
1197 2544 1789 2640 οοῃίτὲἱόιιὲὂῦαηιιὶνίζὶὲρρὲιᾶε
1808 2545 1886 2639 abd-

284 2619 337 2647 no
359 2609 430 2646 aui
631 2619 657 2644 a
692 2618 713 2644 r
812 2617 836 2643 a
1056 2616 1136 2654 sep
1162 2614 1301 2654 uagm
1324 2613 1351 2640 a
1498 2612 1524 2639 a
1687 2613 1714 2639 a
1778 2633 1787 2640 .

285 2663 338 2701 16
394 2618 689 2701 latitudine}
714 2616 936 2700 §331⁴le
975 2660 1021 2699 M
1067 2660 1230 2699 Plinius
1287 2654 1301 2710 u
1360 2657 1412 2696 17
1467 2655 1751 2707 cartaginem
1793 2656 1830 2695 D
1876 2599 1887 2708 Ι

284 2718 338 2757 18
369 2718 504 2771 spina
524 2717 566 2757 B
596 2716 799 2769 hispinia
826 2716 851 2756 b
890 2715 1054 2768 spania
1080 2716 1116 2754 D
1154 2710 1170 2766 ss
1209 2715 1260 2754 19
1293 2724 1492 2765 pyreneo
1513 2711 1595 2750 BD
1625 2712 1741 2764 quod
1767 2712 1886 2751 dein·

284 2786 385 2824 ceps·
415 2787 497 2815 non
518 2773 734 2814 notabitur
780 2768 802 2825 H
848 2775 1070 2812 sexcenta
1099 2771 1123 2810 b
1169 2768 1189 2822 Η
1236 2771 1290 2810 20
1319 2768 1604 2819 longitudine
1627 2767 1666 2806 D
1714 2763 1734 2820 Η
1778 2780 1881 2820 pro-

284 2829 396 2868 trait
412 2828 472 2868 B¹
512 2827 532 2883 ΙΙ
570 2831 622 2869 21
654 2828 840 2870 iarsolis
861 2828 885 2868 b
916 2827 1121 2881 get-sonis
1143 2827 1182 2866 D
1205 2825 1442 2866 Olarsonis
1463 2823 1627 2866 Plinius
1659 2819 1679 2877 [Ι
1718 2824 1773 2863 24
1803 2821 1882 2862 ad-

284 2883 368 2923 icit
399 2884 503 2924 Bm
549 2882 570 2939 ῃ
