<?xml version="1.0" encoding="UTF-8"?>
<!DOCTYPE html PUBLIC "-//W3C//DTD XHTML 1.0 Transitional//EN"
    "http://www.w3.org/TR/xhtml1/DTD/xhtml1-transitional.dtd">
<html xmlns="http://www.w3.org/1999/xhtml" xml:lang="en" lang="en">
 <head>
  <title>
</title>
<meta http-equiv="Content-Type" content="text/html;charset=utf-8" />
  <meta name='ocr-system' content='tesseract 3.04.00' />
  <meta name='ocr-capabilities' content='ocr_page ocr_carea ocr_par ocr_line ocrx_word'/>
</head>
<body>
  <div class='ocr_page' id='page_1' title='image "./martianvscapella00martuoft_0443.png"; bbox 0 0 1982 3230; ppageno 0'>
   <div class='ocr_carea' id='block_1_1' title="bbox 0 0 643 160">
    <p class='ocr_par' dir='ltr' id='par_1_1' title="bbox 0 0 643 160">
     <span class='ocr_line' id='line_1_1' title="bbox 0 0 643 160; baseline 0 3070"><span class='ocrx_word' id='word_1_1' title='bbox 0 0 643 160; x_wconf 95' lang='lat' dir='ltr'><strong> </strong></span> 
     </span>
    </p>
   </div>
   <div class='ocr_carea' id='block_1_2' title="bbox 714 151 1705 206">
    <p class='ocr_par' dir='ltr' id='par_1_2' title="bbox 714 151 1705 206">
     <span class='ocr_line' id='line_1_2' title="bbox 714 151 1705 206; baseline -0.001 -6"><span class='ocrx_word' id='word_1_2' title='bbox 714 158 902 201; x_wconf 86' lang='lat' dir='ltr'>LIBER</span> <span class='ocrx_word' id='word_1_3' title='bbox 932 157 1071 201; x_wconf 91' lang='lat' dir='ltr'>VIIII</span> <span class='ocrx_word' id='word_1_4' title='bbox 1348 175 1350 179; x_wconf 51' lang='lat'>&gt;</span> <span class='ocrx_word' id='word_1_5' title='bbox 1596 151 1705 206; x_wconf 81' lang='grc'><strong>369</strong></span> 
     </span>
    </p>
   </div>
   <div class='ocr_carea' id='block_1_3' title="bbox 19 299 1820 792">
    <p class='ocr_par' dir='ltr' id='par_1_3' title="bbox 79 299 1740 582">
     <span class='ocr_line' id='line_1_3' title="bbox 79 299 1740 368; baseline -0.005 -14"><span class='ocrx_word' id='word_1_6' title='bbox 79 304 156 354; x_wconf 90' lang='lat' dir='ltr'><strong>nis</strong></span> <span class='ocrx_word' id='word_1_7' title='bbox 182 303 434 368; x_wconf 86' lang='lat' dir='ltr'><strong>geminum</strong></span> <span class='ocrx_word' id='word_1_8' title='bbox 462 307 657 367; x_wconf 90' lang='lat' dir='ltr'><strong>tempus</strong></span> <span class='ocrx_word' id='word_1_9' title='bbox 683 301 934 365; x_wconf 88' lang='lat' dir='ltr'><strong>accipere,</strong></span> <span class='ocrx_word' id='word_1_10' title='bbox 963 300 1028 350; x_wconf 88' lang='lat' dir='ltr'><strong>ita</strong></span> <span class='ocrx_word' id='word_1_11' title='bbox 1055 304 1220 349; x_wconf 89' lang='lat' dir='ltr'><strong>tamen</strong></span> <span class='ocrx_word' id='word_1_12' title='bbox 1247 302 1301 348; x_wconf 91' lang='lat' dir='ltr'><strong>ut</strong></span> <span class='ocrx_word' id='word_1_13' title='bbox 1324 303 1538 363; x_wconf 88' lang='lat' dir='ltr'><strong>utroque</strong></span> <span class='ocrx_word' id='word_1_14' title='bbox 1564 299 1696 347; x_wconf 89' lang='lat' dir='ltr'><strong>inse·</strong></span> <span class='ocrx_word' id='word_1_15' title='bbox 1727 318 1740 321; x_wconf 40' lang='lat'><strong>⁴*</strong></span> 
     </span>
     <span class='ocr_line' id='line_1_4' title="bbox 81 370 1696 441; baseline -0.004 -17"><span class='ocrx_word' id='word_1_16' title='bbox 81 375 255 441; x_wconf 81' lang='lat' dir='ltr'><strong>quenti</strong></span> <span class='ocrx_word' id='word_1_17' title='bbox 290 381 515 438; x_wconf 88' lang='lat' dir='ltr'><strong>tempore</strong></span> <span class='ocrx_word' id='word_1_18' title='bbox 539 386 631 438; x_wconf 85' lang='lat' dir='ltr'><strong>par</strong></span> <span class='ocrx_word' id='word_1_19' title='bbox 656 372 814 437; x_wconf 83' lang='lat' dir='ltr'>priori</span> <span class='ocrx_word' id='word_1_20' title='bbox 851 386 959 422; x_wconf 87' lang='lat' dir='ltr'><strong>esse</strong></span> <span class='ocrx_word' id='word_1_21' title='bbox 984 370 1226 421; x_wconf 87' lang='lat' dir='ltr'><strong>uideatur.</strong></span> <span class='ocrx_word' id='word_1_22' title='bbox 1304 382 1458 432; x_wconf 88' lang='lat' dir='ltr'><strong>quare</strong></span> <span class='ocrx_word' id='word_1_23' title='bbox 1484 382 1696 433; x_wconf 87' lang='lat' dir='ltr'><strong>anapae-</strong></span> 
     </span>
     <span class='ocr_line' id='line_1_5' title="bbox 83 439 1698 508; baseline -0.004 -13"><span class='ocrx_word' id='word_1_24' title='bbox 83 452 189 495; x_wconf 85' lang='lat' dir='ltr'><strong>stus</strong></span> <span class='ocrx_word' id='word_1_25' title='bbox 216 442 326 496; x_wconf 89' lang='grc' dir='ltr'><strong>ἀπὸ</strong></span> <span class='ocrx_word' id='word_1_26' title='bbox 353 441 597 507; x_wconf 74' lang='grc' dir='ltr'>μείζονος</span> <span class='ocrx_word' id='word_1_27' title='bbox 624 442 890 508; x_wconf 80' lang='lat' dir='ltr'><strong>dactylicus</strong></span> <span class='ocrx_word' id='word_1_28' title='bbox 917 457 941 492; x_wconf 91' lang='lat' dir='ltr'><strong>a</strong></span> <span class='ocrx_word' id='word_1_29' title='bbox 971 440 1114 492; x_wconf 89' lang='lat' dir='ltr'><strong>nohis</strong></span> <span class='ocrx_word' id='word_1_30' title='bbox 1141 454 1248 490; x_wconf 91' lang='lat' dir='ltr'><strong>esse</strong></span> <span class='ocrx_word' id='word_1_31' title='bbox 1275 439 1469 497; x_wconf 89' lang='lat' dir='ltr'><strong>dicitur,</strong></span> <span class='ocrx_word' id='word_1_32' title='bbox 1499 446 1548 489; x_wconf 87' lang='lat' dir='ltr'><strong>at</strong></span> <span class='ocrx_word' id='word_1_33' title='bbox 1572 454 1698 489; x_wconf 88' lang='lat' dir='ltr'><strong>uero</strong></span> 
     </span>
     <span class='ocr_line' id='line_1_6' title="bbox 85 509 1700 582; baseline -0.004 -16"><span class='ocrx_word' id='word_1_34' title='bbox 85 519 402 582; x_wconf 78' lang='lat' dir='ltr'><strong>anapaestUS,</strong></span> <span class='ocrx_word' id='word_1_35' title='bbox 457 515 540 578; x_wconf 92' lang='lat' dir='ltr'><strong>qui</strong></span> <span class='ocrx_word' id='word_1_36' title='bbox 584 513 674 566; x_wconf 76' lang='grc' dir='ltr'><strong>ἀπ’</strong></span> <span class='ocrx_word' id='word_1_37' title='bbox 719 511 1007 565; x_wconf 74' lang='grc' dir='ltr'>ἐλάεεονοε</span> <span class='ocrx_word' id='word_1_38' title='bbox 1049 512 1354 569; x_wconf 89' lang='lat' dir='ltr'><strong>nominatur,</strong></span> <span class='ocrx_word' id='word_1_39' title='bbox 1401 525 1462 560; x_wconf 83' lang='lat' dir='ltr'><strong>ex</strong></span> <span class='ocrx_word' id='word_1_40' title='bbox 1507 509 1700 560; x_wconf 88' lang='lat' dir='ltr'><strong>duabus</strong></span> 
     </span>
    </p>

    <p class='ocr_par' dir='ltr' id='par_1_4' title="bbox 19 581 1820 792">
     <span class='ocr_line' id='line_1_7' title="bbox 19 581 1703 652; baseline -0.002 -20"><span class='ocrx_word' id='word_1_41' title='bbox 19 597 42 632; x_wconf 83' lang='lat'><strong>5</strong></span> <span class='ocrx_word' id='word_1_42' title='bbox 83 583 375 652; x_wconf 83' lang='lat' dir='ltr'><strong>&lt;breuibuS,</strong></span> <span class='ocrx_word' id='word_1_43' title='bbox 404 600 530 650; x_wconf 89' lang='lat' dir='ltr'><strong>quae</strong></span> <span class='ocrx_word' id='word_1_44' title='bbox 555 587 608 634; x_wconf 87' lang='lat' dir='ltr'><strong>in</strong></span> <span class='ocrx_word' id='word_1_45' title='bbox 635 583 845 635; x_wconf 91' lang='lat' dir='ltr'><strong>elatione</strong></span> <span class='ocrx_word' id='word_1_46' title='bbox 870 581 996 640; x_wconf 86' lang='lat' dir='ltr'><strong>sint,</strong></span> <span class='ocrx_word' id='word_1_47' title='bbox 1029 587 1077 632; x_wconf 92' lang='lat' dir='ltr'><strong>et</strong></span> <span class='ocrx_word' id='word_1_48' title='bbox 1104 597 1164 632; x_wconf 88' lang='lat' dir='ltr'><strong>ex</strong></span> <span class='ocrx_word' id='word_1_49' title='bbox 1193 596 1312 639; x_wconf 87' lang='lat' dir='ltr'><strong>una,</strong></span> <span class='ocrx_word' id='word_1_50' title='bbox 1342 596 1468 646; x_wconf 90' lang='lat' dir='ltr'><strong>quae</strong></span> <span class='ocrx_word' id='word_1_51' title='bbox 1494 581 1543 629; x_wconf 94' lang='lat' dir='ltr'><strong>in</strong></span> <span class='ocrx_word' id='word_1_52' title='bbox 1570 581 1703 646; x_wconf 90' lang='lat' dir='ltr'><strong>posi·</strong></span> 
     </span>
     <span class='ocr_line' id='line_1_8' title="bbox 84 652 1820 722; baseline -0.001 -16"><span class='ocrx_word' id='word_1_53' title='bbox 84 656 218 706; x_wconf 91' lang='lat' dir='ltr'><strong>tione</strong></span> <span class='ocrx_word' id='word_1_54' title='bbox 242 656 329 713; x_wconf 88' lang='lat' dir='ltr'><strong>sit,</strong></span> <span class='ocrx_word' id='word_1_55' title='bbox 360 655 636 722; x_wconf 87' lang='lat' dir='ltr'><strong>copulatur.</strong></span> <span class='ocrx_word' id='word_1_56' title='bbox 712 653 920 720; x_wconf 86' lang='lat' dir='ltr'>simplex</span> <span class='ocrx_word' id='word_1_57' title='bbox 946 667 1068 703; x_wconf 89' lang='lat' dir='ltr'><strong>uero</strong></span> <span class='ocrx_word' id='word_1_58' title='bbox 1105 652 1356 718; x_wconf 89' lang='lat' dir='ltr'><strong>spondeus</strong></span> <span class='ocrx_word' id='word_1_59' title='bbox 1383 653 1502 709; x_wconf 86' lang='lat' dir='ltr'><strong>erit,</strong></span> <span class='ocrx_word' id='word_1_60' title='bbox 1532 653 1616 716; x_wconf 92' lang='lat' dir='ltr'><strong>qui</strong></span> <span class='ocrx_word' id='word_1_61' title='bbox 1644 667 1702 701; x_wconf 89' lang='lat' dir='ltr'><strong>ex</strong></span> <span class='ocrx_word' id='word_1_62' title='bbox 1734 658 1820 704; x_wconf 84' lang='lat'><strong>983</strong></span> 
     </span>
     <span class='ocr_line' id='line_1_9' title="bbox 83 721 1705 792; baseline -0.002 -16"><span class='ocrx_word' id='word_1_63' title='bbox 83 726 330 792; x_wconf 87' lang='lat' dir='ltr'><strong>producta</strong></span> <span class='ocrx_word' id='word_1_64' title='bbox 355 732 455 776; x_wconf 91' lang='lat' dir='ltr'><strong>tam</strong></span> <span class='ocrx_word' id='word_1_65' title='bbox 483 727 582 777; x_wconf 91' lang='lat' dir='ltr'><strong>arsi</strong></span> <span class='ocrx_word' id='word_1_66' title='bbox 609 740 759 791; x_wconf 88' lang='lat' dir='ltr'><strong>quam</strong></span> <span class='ocrx_word' id='word_1_67' title='bbox 794 725 921 775; x_wconf 86' lang='lat' dir='ltr'><strong>thesi</strong></span> <span class='ocrx_word' id='word_1_68' title='bbox 947 724 1184 787; x_wconf 86' lang='lat' dir='ltr'><strong>iungitur.</strong></span> <span class='ocrx_word' id='word_1_69' title='bbox 1220 738 1225 741; x_wconf 71' lang='grc'><em>“</em></span> <span class='ocrx_word' id='word_1_70' title='bbox 1259 721 1454 790; x_wconf 85' lang='lat' dir='ltr'><strong>maior&gt;</strong></span> <span class='ocrx_word' id='word_1_71' title='bbox 1480 737 1603 772; x_wconf 89' lang='lat' dir='ltr'><strong>uero</strong></span> <span class='ocrx_word' id='word_1_72' title='bbox 1632 721 1705 772; x_wconf 92' lang='lat' dir='ltr'><strong>di-</strong></span> 
     </span>
    </p>
   </div>
   <div class='ocr_carea' id='block_1_4' title="bbox 31 793 1699 931">
    <p class='ocr_par' dir='ltr' id='par_1_5' title="bbox 31 793 1699 931">
     <span class='ocr_line' id='line_1_10' title="bbox 88 793 1699 862; baseline -0.003 -15"><span class='ocrx_word' id='word_1_73' title='bbox 88 798 228 856; x_wconf 91' lang='lat' dir='ltr'><strong>citur,</strong></span> <span class='ocrx_word' id='word_1_74' title='bbox 258 798 341 862; x_wconf 89' lang='lat' dir='ltr'><strong>qui</strong></span> <span class='ocrx_word' id='word_1_75' title='bbox 368 797 736 862; x_wconf 79' lang='lat' dir='ltr'>quaternariam</span> <span class='ocrx_word' id='word_1_76' title='bbox 763 810 862 846; x_wconf 91' lang='lat' dir='ltr'><strong>non</strong></span> <span class='ocrx_word' id='word_1_77' title='bbox 890 794 1052 846; x_wconf 90' lang='lat' dir='ltr'><strong>solum</strong></span> <span class='ocrx_word' id='word_1_78' title='bbox 1079 793 1343 845; x_wconf 80' lang='lat' dir='ltr'><strong>elationem</strong></span> <span class='ocrx_word' id='word_1_79' title='bbox 1379 793 1466 844; x_wconf 91' lang='lat' dir='ltr'><strong>sed</strong></span> <span class='ocrx_word' id='word_1_80' title='bbox 1493 794 1699 859; x_wconf 86' lang='lat' dir='ltr'><strong>positio-</strong></span> 
     </span>
     <span class='ocr_line' id='line_1_11' title="bbox 31 867 904 931; baseline -0.001 -14"><span class='ocrx_word' id='word_1_81' title='bbox 31 928 37 931; x_wconf 13' lang='lat'><em>*</em></span> <span class='ocrx_word' id='word_1_82' title='bbox 86 882 203 918; x_wconf 90' lang='lat' dir='ltr'><strong>nem</strong></span> <span class='ocrx_word' id='word_1_83' title='bbox 229 869 376 918; x_wconf 88' lang='lat' dir='ltr'><strong>etiam</strong></span> <span class='ocrx_word' id='word_1_84' title='bbox 402 867 599 918; x_wconf 87' lang='lat' dir='ltr'><strong>uidetur</strong></span> <span class='ocrx_word' id='word_1_85' title='bbox 626 867 904 917; x_wconf 83' lang='lat' dir='ltr'><strong>admittere.</strong></span> 
     </span>
    </p>
   </div>
   <div class='ocr_carea' id='block_1_5' title="bbox 0 936 1950 1004">
    <p class='ocr_par' dir='ltr' id='par_1_6' title="bbox 0 936 1950 1004">
     <span class='ocr_line' id='line_1_12' title="bbox 0 936 1950 1004; baseline 0.001 -20"><span class='ocrx_word' id='word_1_86' title='bbox 0 952 66 998; x_wconf 79' lang='grc' dir='ltr'><strong>,ιο</strong></span> <span class='ocrx_word' id='word_1_87' title='bbox 228 939 325 988; x_wconf 89' lang='lat' dir='ltr'><strong>Per</strong></span> <span class='ocrx_word' id='word_1_88' title='bbox 362 937 589 1004; x_wconf 90' lang='lat' dir='ltr'><strong>copulam</strong></span> <span class='ocrx_word' id='word_1_89' title='bbox 629 953 748 988; x_wconf 85' lang='lat' dir='ltr'><strong>uero</strong></span> <span class='ocrx_word' id='word_1_90' title='bbox 790 936 1011 1003; x_wconf 84' lang='lat' dir='ltr'><strong>duplices</strong></span> <span class='ocrx_word' id='word_1_91' title='bbox 1047 936 1288 986; x_wconf 91' lang='lat' dir='ltr'><strong>accedunt</strong></span> <span class='ocrx_word' id='word_1_92' title='bbox 1323 936 1544 993; x_wconf 87' lang='lat' dir='ltr'><strong>numeri,</strong></span> <span class='ocrx_word' id='word_1_93' title='bbox 1585 949 1705 999; x_wconf 90' lang='lat' dir='ltr'><strong>quo·</strong></span> <span class='ocrx_word' id='word_1_94' title='bbox 1725 943 1869 985; x_wconf 67' lang='grc'><strong><em>3326</em></strong></span> <span class='ocrx_word' id='word_1_95' title='bbox 1947 956 1950 959; x_wconf 91' lang='grc'><em>·</em></span> 
     </span>
    </p>
   </div>
   <div class='ocr_carea' id='block_1_6' title="bbox 1 1006 1836 2343">
    <p class='ocr_par' dir='ltr' id='par_1_7' title="bbox 85 1006 1710 1284">
     <span class='ocr_line' id='line_1_13' title="bbox 85 1006 1708 1069; baseline -0.002 -10"><span class='ocrx_word' id='word_1_96' title='bbox 85 1009 222 1059; x_wconf 90' lang='lat' dir='ltr'><strong>niam</strong></span> <span class='ocrx_word' id='word_1_97' title='bbox 248 1008 374 1059; x_wconf 90' lang='lat' dir='ltr'><strong>alter</strong></span> <span class='ocrx_word' id='word_1_98' title='bbox 403 1026 462 1060; x_wconf 86' lang='lat' dir='ltr'><strong>ex</strong></span> <span class='ocrx_word' id='word_1_99' title='bbox 489 1010 676 1059; x_wconf 86' lang='lat' dir='ltr'><strong>maiore</strong></span> <span class='ocrx_word' id='word_1_100' title='bbox 703 1009 797 1058; x_wconf 89' lang='lat' dir='ltr'><strong>erit</strong></span> <span class='ocrx_word' id='word_1_101' title='bbox 821 1009 1028 1063; x_wconf 90' lang='lat' dir='ltr'><strong>ionicus,</strong></span> <span class='ocrx_word' id='word_1_102' title='bbox 1059 1006 1181 1057; x_wconf 88' lang='lat' dir='ltr'><strong>alter</strong></span> <span class='ocrx_word' id='word_1_103' title='bbox 1209 1022 1268 1056; x_wconf 82' lang='lat' dir='ltr'><strong>ex</strong></span> <span class='ocrx_word' id='word_1_104' title='bbox 1294 1008 1503 1056; x_wconf 91' lang='lat' dir='ltr'><strong>minore.</strong></span> <span class='ocrx_word' id='word_1_105' title='bbox 1559 1012 1708 1069; x_wconf 89' lang='lat' dir='ltr'><strong>atque</strong></span> 
     </span>
     <span class='ocr_line' id='line_1_14' title="bbox 86 1076 1710 1145; baseline -0.002 -17"><span class='ocrx_word' id='word_1_106' title='bbox 86 1078 172 1130; x_wconf 89' lang='lat' dir='ltr'><strong>ille</strong></span> <span class='ocrx_word' id='word_1_107' title='bbox 190 1082 274 1144; x_wconf 87' lang='lat' dir='ltr'><strong>qui</strong></span> <span class='ocrx_word' id='word_1_108' title='bbox 301 1095 361 1129; x_wconf 87' lang='lat' dir='ltr'><strong>ex</strong></span> <span class='ocrx_word' id='word_1_109' title='bbox 381 1081 568 1129; x_wconf 87' lang='lat' dir='ltr'><strong>maiore</strong></span> <span class='ocrx_word' id='word_1_110' title='bbox 594 1078 844 1145; x_wconf 92' lang='lat' dir='ltr'><strong>procedit,</strong></span> <span class='ocrx_word' id='word_1_111' title='bbox 884 1078 1131 1128; x_wconf 84' lang='lat' dir='ltr'><strong>constabit</strong></span> <span class='ocrx_word' id='word_1_112' title='bbox 1159 1094 1219 1127; x_wconf 86' lang='lat' dir='ltr'><strong>ex</strong></span> <span class='ocrx_word' id='word_1_113' title='bbox 1245 1077 1468 1143; x_wconf 91' lang='lat' dir='ltr'><strong>spondeo</strong></span> <span class='ocrx_word' id='word_1_114' title='bbox 1495 1076 1710 1142; x_wconf 90' lang='lat' dir='ltr'><strong>simplici</strong></span> 
     </span>
     <span class='ocr_line' id='line_1_15' title="bbox 89 1147 1703 1216; baseline -0.002 -16"><span class='ocrx_word' id='word_1_115' title='bbox 89 1155 138 1200; x_wconf 93' lang='lat' dir='ltr'><strong>et</strong></span> <span class='ocrx_word' id='word_1_116' title='bbox 160 1149 628 1216; x_wconf 83' lang='lat' dir='ltr'><strong>proceleusmatico,</strong></span> <span class='ocrx_word' id='word_1_117' title='bbox 659 1165 808 1216; x_wconf 88' lang='lat' dir='ltr'><strong>quem</strong></span> <span class='ocrx_word' id='word_1_118' title='bbox 836 1149 1076 1199; x_wconf 87' lang='lat' dir='ltr'><strong>disemum</strong></span> <span class='ocrx_word' id='word_1_119' title='bbox 1107 1163 1214 1198; x_wconf 84' lang='lat' dir='ltr'><strong>esse</strong></span> <span class='ocrx_word' id='word_1_120' title='bbox 1250 1163 1350 1214; x_wconf 86' lang='lat' dir='ltr'><strong>non</strong></span> <span class='ocrx_word' id='word_1_121' title='bbox 1379 1147 1585 1198; x_wconf 91' lang='lat' dir='ltr'><strong>dubium</strong></span> <span class='ocrx_word' id='word_1_122' title='bbox 1613 1154 1703 1198; x_wconf 87' lang='lat' dir='ltr'><strong>est.</strong></span> 
     </span>
     <span class='ocr_line' id='line_1_16' title="bbox 90 1218 1704 1284; baseline -0.002 -14"><span class='ocrx_word' id='word_1_123' title='bbox 90 1222 174 1284; x_wconf 87' lang='lat' dir='ltr'><strong>qui</strong></span> <span class='ocrx_word' id='word_1_124' title='bbox 199 1235 320 1270; x_wconf 90' lang='lat' dir='ltr'><strong>uero</strong></span> <span class='ocrx_word' id='word_1_125' title='bbox 361 1236 420 1270; x_wconf 84' lang='lat' dir='ltr'><strong>ex</strong></span> <span class='ocrx_word' id='word_1_126' title='bbox 462 1221 655 1270; x_wconf 86' lang='lat' dir='ltr'><strong>minore</strong></span> <span class='ocrx_word' id='word_1_127' title='bbox 693 1227 767 1270; x_wconf 91' lang='lat' dir='ltr'><strong>est</strong></span> <span class='ocrx_word' id='word_1_128' title='bbox 802 1220 1106 1269; x_wconf 86' lang='lat' dir='ltr'><strong>contrarium</strong></span> <span class='ocrx_word' id='word_1_129' title='bbox 1134 1219 1267 1269; x_wconf 87' lang='lat' dir='ltr'><strong>facit.</strong></span> <span class='ocrx_word' id='word_1_130' title='bbox 1344 1224 1491 1282; x_wconf 88' lang='lat' dir='ltr'><strong>atque</strong></span> <span class='ocrx_word' id='word_1_131' title='bbox 1516 1218 1567 1268; x_wconf 92' lang='lat' dir='ltr'><strong>hi</strong></span> <span class='ocrx_word' id='word_1_132' title='bbox 1596 1219 1704 1284; x_wconf 92' lang='lat' dir='ltr'><strong>qui-</strong></span> 
     </span>
    </p>

    <p class='ocr_par' dir='ltr' id='par_1_8' title="bbox 1 1289 1827 1638">
     <span class='ocr_line' id='line_1_17' title="bbox 1 1289 1707 1357; baseline 0.001 -20"><span class='ocrx_word' id='word_1_133' title='bbox 1 1303 67 1338; x_wconf 39' lang='lat'><strong>«15</strong></span> <span class='ocrx_word' id='word_1_134' title='bbox 91 1290 204 1341; x_wconf 93' lang='lat' dir='ltr'><strong>dem</strong></span> <span class='ocrx_word' id='word_1_135' title='bbox 241 1292 291 1340; x_wconf 92' lang='lat' dir='ltr'><strong>in</strong></span> <span class='ocrx_word' id='word_1_136' title='bbox 320 1289 561 1357; x_wconf 89' lang='lat' dir='ltr'><strong>dactylico</strong></span> <span class='ocrx_word' id='word_1_137' title='bbox 588 1290 771 1355; x_wconf 82' lang='lat' dir='ltr'><strong>genere</strong></span> <span class='ocrx_word' id='word_1_138' title='bbox 798 1296 1047 1354; x_wconf 84' lang='lat' dir='ltr'><strong>ponentur</strong></span> <span class='ocrx_word' id='word_1_139' title='bbox 1082 1290 1301 1355; x_wconf 86' lang='lat' dir='ltr'><strong>rhythmi</strong></span> <span class='ocrx_word' id='word_1_140' title='bbox 1326 1289 1622 1354; x_wconf 90' lang='lat' dir='ltr'><strong>inconpositi</strong></span> <span class='ocrx_word' id='word_1_141' title='bbox 1649 1303 1707 1338; x_wconf 87' lang='lat' dir='ltr'><strong>ac</strong></span> 
     </span>
     <span class='ocr_line' id='line_1_18' title="bbox 92 1357 1827 1426; baseline -0.002 -14"><span class='ocrx_word' id='word_1_142' title='bbox 92 1362 357 1426; x_wconf 90' lang='lat' dir='ltr'><strong>conpositi,</strong></span> <span class='ocrx_word' id='word_1_143' title='bbox 409 1363 493 1426; x_wconf 88' lang='lat' dir='ltr'><strong>qui</strong></span> <span class='ocrx_word' id='word_1_144' title='bbox 541 1368 730 1426; x_wconf 90' lang='lat' dir='ltr'><strong>septem</strong></span> <span class='ocrx_word' id='word_1_145' title='bbox 774 1376 983 1410; x_wconf 87' lang='lat' dir='ltr'><strong>numero</strong></span> <span class='ocrx_word' id='word_1_146' title='bbox 1032 1375 1203 1410; x_wconf 89' lang='lat' dir='ltr'><strong>omnes</strong></span> <span class='ocrx_word' id='word_1_147' title='bbox 1249 1365 1410 1410; x_wconf 91' lang='lat' dir='ltr'><strong>erunt.</strong></span> <span class='ocrx_word' id='word_1_148' title='bbox 1488 1357 1708 1424; x_wconf 84' lang='lat' dir='ltr'><strong>dactylus</strong></span> <span class='ocrx_word' id='word_1_149' title='bbox 1740 1360 1827 1403; x_wconf 82' lang='lat'><strong>984</strong></span> 
     </span>
     <span class='ocr_line' id='line_1_19' title="bbox 90 1429 1709 1497; baseline -0.002 -16"><span class='ocrx_word' id='word_1_150' title='bbox 90 1432 239 1496; x_wconf 85' lang='lat' dir='ltr'><strong>igitur</strong></span> <span class='ocrx_word' id='word_1_151' title='bbox 266 1437 338 1482; x_wconf 88' lang='lat' dir='ltr'><strong>est</strong></span> <span class='ocrx_word' id='word_1_152' title='bbox 365 1431 524 1481; x_wconf 85' lang='lat' dir='ltr'><strong>dictus</strong></span> <span class='ocrx_word' id='word_1_153' title='bbox 550 1433 665 1497; x_wconf 88' lang='lat' dir='ltr'><strong>quia</strong></span> <span class='ocrx_word' id='word_1_154' title='bbox 701 1431 926 1482; x_wconf 87' lang='lat' dir='ltr'><strong>ordinem</strong></span> <span class='ocrx_word' id='word_1_155' title='bbox 960 1430 1259 1497; x_wconf 79' lang='lat' dir='ltr'><strong>syllabarum</strong></span> <span class='ocrx_word' id='word_1_156' title='bbox 1298 1429 1605 1480; x_wconf 90' lang='lat' dir='ltr'><strong>consimilem</strong></span> <span class='ocrx_word' id='word_1_157' title='bbox 1636 1429 1709 1479; x_wconf 89' lang='lat' dir='ltr'><strong>di-</strong></span> 
     </span>
     <span class='ocr_line' id='line_1_20' title="bbox 91 1500 1708 1571; baseline -0.002 -19"><span class='ocrx_word' id='word_1_158' title='bbox 91 1503 192 1566; x_wconf 85' lang='lat' dir='ltr'><strong>gito</strong></span> <span class='ocrx_word' id='word_1_159' title='bbox 218 1502 432 1571; x_wconf 85' lang='lat' dir='ltr'><strong>hominis</strong></span> <span class='ocrx_word' id='word_1_160' title='bbox 458 1502 716 1558; x_wconf 84' lang='lat' dir='ltr'><strong>informat,</strong></span> <span class='ocrx_word' id='word_1_161' title='bbox 747 1508 1041 1566; x_wconf 87' lang='lat' dir='ltr'><strong>anapaestus</strong></span> <span class='ocrx_word' id='word_1_162' title='bbox 1070 1517 1191 1551; x_wconf 90' lang='lat' dir='ltr'><strong>uero</strong></span> <span class='ocrx_word' id='word_1_163' title='bbox 1220 1503 1333 1567; x_wconf 90' lang='lat' dir='ltr'><strong>quia</strong></span> <span class='ocrx_word' id='word_1_164' title='bbox 1360 1516 1450 1565; x_wconf 86' lang='lat' dir='ltr'><strong>per</strong></span> <span class='ocrx_word' id='word_1_165' title='bbox 1478 1500 1708 1550; x_wconf 88' lang='lat' dir='ltr'><strong>ordinem</strong></span> 
     </span>
     <span class='ocr_line' id='line_1_21' title="bbox 91 1571 1710 1638; baseline -0.001 -16"><span class='ocrx_word' id='word_1_166' title='bbox 91 1572 264 1624; x_wconf 87' lang='lat' dir='ltr'><strong>redeat</strong></span> <span class='ocrx_word' id='word_1_167' title='bbox 290 1588 513 1630; x_wconf 89' lang='lat' dir='ltr'><strong>sursum,</strong></span> <span class='ocrx_word' id='word_1_168' title='bbox 549 1572 867 1638; x_wconf 90' lang='lat' dir='ltr'><strong>pyrrhichius</strong></span> <span class='ocrx_word' id='word_1_169' title='bbox 896 1587 1016 1622; x_wconf 90' lang='lat' dir='ltr'><strong>uero</strong></span> <span class='ocrx_word' id='word_1_170' title='bbox 1044 1573 1094 1621; x_wconf 93' lang='lat' dir='ltr'><strong>id</strong></span> <span class='ocrx_word' id='word_1_171' title='bbox 1126 1578 1199 1622; x_wconf 90' lang='lat' dir='ltr'><strong>est</strong></span> <span class='ocrx_word' id='word_1_172' title='bbox 1235 1571 1710 1637; x_wconf 88' lang='lat' dir='ltr'><strong>proceleusmaticus</strong></span> 
     </span>
    </p>

    <p class='ocr_par' dir='ltr' id='par_1_9' title="bbox 29 1641 1714 1990">
     <span class='ocr_line' id='line_1_22' title="bbox 29 1641 1713 1709; baseline 0 -18"><span class='ocrx_word' id='word_1_173' title='bbox 29 1659 74 1691; x_wconf 83' lang='lat'><strong>20</strong></span> <span class='ocrx_word' id='word_1_174' title='bbox 97 1644 209 1709; x_wconf 90' lang='lat' dir='ltr'><strong>quia</strong></span> <span class='ocrx_word' id='word_1_175' title='bbox 244 1643 324 1692; x_wconf 88' lang='lat' dir='ltr'><strong>hic</strong></span> <span class='ocrx_word' id='word_1_176' title='bbox 361 1642 593 1693; x_wconf 89' lang='lat' dir='ltr'><strong>adsiduus</strong></span> <span class='ocrx_word' id='word_1_177' title='bbox 628 1642 709 1694; x_wconf 90' lang='lat' dir='ltr'><strong>uel</strong></span> <span class='ocrx_word' id='word_1_178' title='bbox 743 1645 795 1692; x_wconf 92' lang='lat' dir='ltr'><strong>in</strong></span> <span class='ocrx_word' id='word_1_179' title='bbox 831 1644 1102 1693; x_wconf 89' lang='lat' dir='ltr'><strong>certamine</strong></span> <span class='ocrx_word' id='word_1_180' title='bbox 1138 1641 1220 1692; x_wconf 92' lang='lat' dir='ltr'><strong>uel</strong></span> <span class='ocrx_word' id='word_1_181' title='bbox 1256 1643 1307 1691; x_wconf 93' lang='lat' dir='ltr'><strong>in</strong></span> <span class='ocrx_word' id='word_1_182' title='bbox 1342 1642 1459 1692; x_wconf 91' lang='lat' dir='ltr'><strong>ludo</strong></span> <span class='ocrx_word' id='word_1_183' title='bbox 1497 1642 1713 1708; x_wconf 88' lang='lat' dir='ltr'><strong>quodam</strong></span> 
     </span>
     <span class='ocr_line' id='line_1_23' title="bbox 96 1712 1712 1779; baseline -0.002 -15"><span class='ocrx_word' id='word_1_184' title='bbox 96 1713 290 1778; x_wconf 88' lang='lat' dir='ltr'><strong>puerili,</strong></span> <span class='ocrx_word' id='word_1_185' title='bbox 320 1713 585 1779; x_wconf 80' lang='lat' dir='ltr'><strong>spondeuS‚</strong></span> <span class='ocrx_word' id='word_1_186' title='bbox 610 1714 722 1779; x_wconf 90' lang='lat' dir='ltr'><strong>quia</strong></span> <span class='ocrx_word' id='word_1_187' title='bbox 741 1713 1036 1778; x_wconf 86' lang='lat' dir='ltr'><strong>plerumque</strong></span> <span class='ocrx_word' id='word_1_188' title='bbox 1064 1712 1321 1765; x_wconf 77' lang='grc' dir='ltr'>επονδαῑε</span> <span class='ocrx_word' id='word_1_189' title='bbox 1339 1713 1563 1770; x_wconf 89' lang='lat' dir='ltr'><strong>inseruit,</strong></span> <span class='ocrx_word' id='word_1_190' title='bbox 1585 1713 1712 1762; x_wconf 89' lang='lat' dir='ltr'><strong>ioni-</strong></span> 
     </span>
     <span class='ocr_line' id='line_1_24' title="bbox 96 1782 1714 1850; baseline -0.001 -16"><span class='ocrx_word' id='word_1_191' title='bbox 96 1798 183 1834; x_wconf 91' lang='lat' dir='ltr'><strong>cus</strong></span> <span class='ocrx_word' id='word_1_192' title='bbox 218 1799 335 1834; x_wconf 90' lang='lat' dir='ltr'><strong>sane</strong></span> <span class='ocrx_word' id='word_1_193' title='bbox 372 1791 578 1850; x_wconf 87' lang='lat' dir='ltr'><strong>propter</strong></span> <span class='ocrx_word' id='word_1_194' title='bbox 614 1799 936 1834; x_wconf 89' lang='lat' dir='ltr'><strong>numerorum</strong></span> <span class='ocrx_word' id='word_1_195' title='bbox 974 1783 1284 1848; x_wconf 86' lang='lat' dir='ltr'><strong>inaequalem</strong></span> <span class='ocrx_word' id='word_1_196' title='bbox 1319 1798 1521 1833; x_wconf 89' lang='lat' dir='ltr'><strong>sonum:</strong></span> <span class='ocrx_word' id='word_1_197' title='bbox 1559 1782 1714 1833; x_wconf 87' lang='lat' dir='ltr'><strong>habet</strong></span> 
     </span>
     <span class='ocr_line' id='line_1_25' title="bbox 99 1854 1714 1920; baseline 0 -15"><span class='ocrx_word' id='word_1_198' title='bbox 99 1857 231 1905; x_wconf 89' lang='lat' dir='ltr'><strong>enim</strong></span> <span class='ocrx_word' id='word_1_199' title='bbox 259 1855 381 1905; x_wconf 87' lang='lat' dir='ltr'><strong>duas</strong></span> <span class='ocrx_word' id='word_1_200' title='bbox 401 1854 572 1919; x_wconf 84' lang='lat' dir='ltr'><strong>longas</strong></span> <span class='ocrx_word' id='word_1_201' title='bbox 599 1855 819 1919; x_wconf 89' lang='lat' dir='ltr'><strong>duasque</strong></span> <span class='ocrx_word' id='word_1_202' title='bbox 847 1861 1126 1920; x_wconf 88' lang='lat' dir='ltr'><strong>correptas,</strong></span> <span class='ocrx_word' id='word_1_203' title='bbox 1156 1869 1252 1920; x_wconf 90' lang='lat' dir='ltr'><strong>quo</strong></span> <span class='ocrx_word' id='word_1_204' title='bbox 1279 1854 1464 1919; x_wconf 89' lang='lat' dir='ltr'><strong>pedum</strong></span> <span class='ocrx_word' id='word_1_205' title='bbox 1491 1854 1714 1905; x_wconf 88' lang='lat' dir='ltr'><strong>carmine</strong></span> 
     </span>
     <span class='ocr_line' id='line_1_26' title="bbox 98 1924 1539 1990; baseline -0.001 -15"><span class='ocrx_word' id='word_1_206' title='bbox 98 1924 238 1975; x_wconf 89' lang='lat' dir='ltr'><strong>multi</strong></span> <span class='ocrx_word' id='word_1_207' title='bbox 266 1940 413 1990; x_wconf 91' lang='lat' dir='ltr'><strong>saepe</strong></span> <span class='ocrx_word' id='word_1_208' title='bbox 439 1925 734 1990; x_wconf 87' lang='lat' dir='ltr'><strong>reprehensi</strong></span> <span class='ocrx_word' id='word_1_209' title='bbox 762 1931 889 1975; x_wconf 88' lang='lat' dir='ltr'><strong>sunt.</strong></span> <span class='ocrx_word' id='word_1_210' title='bbox 958 1940 1014 1975; x_wconf 90' lang='lat' dir='ltr'><strong>ac</strong></span> <span class='ocrx_word' id='word_1_211' title='bbox 1042 1925 1103 1974; x_wconf 93' lang='lat' dir='ltr'><strong>de</strong></span> <span class='ocrx_word' id='word_1_212' title='bbox 1130 1924 1381 1990; x_wconf 86' lang='lat' dir='ltr'><strong>dactylicis</strong></span> <span class='ocrx_word' id='word_1_213' title='bbox 1408 1925 1539 1974; x_wconf 84' lang='lat' dir='ltr'><strong>satiS.</strong></span> 
     </span>
    </p>

    <p class='ocr_par' dir='ltr' id='par_1_10' title="bbox 30 1995 1836 2343">
     <span class='ocr_line' id='line_1_27' title="bbox 30 1995 1836 2060; baseline 0.003 -18"><span class='ocrx_word' id='word_1_214' title='bbox 30 2010 77 2043; x_wconf 76' lang='lat'><strong>&#39;25</strong></span> <span class='ocrx_word' id='word_1_215' title='bbox 240 1995 383 2046; x_wconf 91' lang='lat' dir='ltr'><strong>Nunc</strong></span> <span class='ocrx_word' id='word_1_216' title='bbox 419 1995 625 2045; x_wconf 87' lang='lat' dir='ltr'><strong>iambica</strong></span> <span class='ocrx_word' id='word_1_217' title='bbox 661 2010 1009 2046; x_wconf 76' lang='lat' dir='ltr'><strong>memoremus,</strong></span> <span class='ocrx_word' id='word_1_218' title='bbox 1073 1997 1124 2044; x_wconf 93' lang='lat' dir='ltr'><strong>in</strong></span> <span class='ocrx_word' id='word_1_219' title='bbox 1162 2011 1259 2060; x_wconf 90' lang='lat' dir='ltr'><strong>quo</strong></span> <span class='ocrx_word' id='word_1_220' title='bbox 1300 2010 1484 2060; x_wconf 88' lang='lat' dir='ltr'><strong>genere</strong></span> <span class='ocrx_word' id='word_1_221' title='bbox 1522 1997 1718 2046; x_wconf 88' lang='lat' dir='ltr'><strong>numeri</strong></span> <span class='ocrx_word' id='word_1_222' title='bbox 1748 1997 1836 2039; x_wconf 81' lang='grc'><strong>985</strong></span> 
     </span>
     <span class='ocr_line' id='line_1_28' title="bbox 98 2065 1717 2131; baseline 0.001 -16"><span class='ocrx_word' id='word_1_223' title='bbox 98 2067 398 2131; x_wconf 90' lang='lat' dir='ltr'><strong>inconpositi</strong></span> <span class='ocrx_word' id='word_1_224' title='bbox 425 2071 570 2115; x_wconf 89' lang='lat' dir='ltr'><strong>erunt</strong></span> <span class='ocrx_word' id='word_1_225' title='bbox 596 2071 842 2131; x_wconf 87' lang='lat' dir='ltr'><strong>quattuor,</strong></span> <span class='ocrx_word' id='word_1_226' title='bbox 872 2067 1115 2131; x_wconf 89' lang='lat' dir='ltr'><strong>conpositi</strong></span> <span class='ocrx_word' id='word_1_227' title='bbox 1146 2081 1236 2130; x_wconf 88' lang='lat' dir='ltr'><strong>per</strong></span> <span class='ocrx_word' id='word_1_228' title='bbox 1265 2065 1493 2130; x_wconf 87' lang='lat' dir='ltr'><strong>copulam</strong></span> <span class='ocrx_word' id='word_1_229' title='bbox 1524 2066 1636 2124; x_wconf 87' lang='lat' dir='ltr'><strong>duo,</strong></span> <span class='ocrx_word' id='word_1_230' title='bbox 1667 2073 1717 2116; x_wconf 88' lang='lat' dir='ltr'><strong>at</strong></span> 
     </span>
     <span class='ocr_line' id='line_1_29' title="bbox 100 2136 1719 2202; baseline 0.001 -16"><span class='ocrx_word' id='word_1_231' title='bbox 100 2151 222 2186; x_wconf 89' lang='lat' dir='ltr'><strong>uero</strong></span> <span class='ocrx_word' id='word_1_232' title='bbox 249 2151 339 2200; x_wconf 89' lang='lat' dir='ltr'><strong>per</strong></span> <span class='ocrx_word' id='word_1_233' title='bbox 366 2136 627 2200; x_wconf 90' lang='lat' dir='ltr'><strong>periodum</strong></span> <span class='ocrx_word' id='word_1_234' title='bbox 654 2142 770 2187; x_wconf 86' lang='lat' dir='ltr'><strong>sunt</strong></span> <span class='ocrx_word' id='word_1_235' title='bbox 796 2137 1075 2186; x_wconf 90' lang='lat' dir='ltr'><strong>duodecim.</strong></span> <span class='ocrx_word' id='word_1_236' title='bbox 1135 2138 1221 2202; x_wconf 90' lang='lat' dir='ltr'><strong>qui</strong></span> <span class='ocrx_word' id='word_1_237' title='bbox 1246 2138 1395 2201; x_wconf 84' lang='lat' dir='ltr'><strong>igitur</strong></span> <span class='ocrx_word' id='word_1_238' title='bbox 1421 2138 1719 2202; x_wconf 90' lang='lat' dir='ltr'><strong>inconpositi</strong></span> 
     </span>
     <span class='ocr_line' id='line_1_30' title="bbox 103 2206 1717 2273; baseline 0.002 -17"><span class='ocrx_word' id='word_1_239' title='bbox 103 2207 244 2256; x_wconf 87' lang='lat' dir='ltr'><strong>erant</strong></span> <span class='ocrx_word' id='word_1_240' title='bbox 280 2208 361 2257; x_wconf 91' lang='lat' dir='ltr'><strong>isti</strong></span> <span class='ocrx_word' id='word_1_241' title='bbox 400 2213 526 2258; x_wconf 91' lang='lat' dir='ltr'><strong>sunt.</strong></span> <span class='ocrx_word' id='word_1_242' title='bbox 600 2206 791 2256; x_wconf 91' lang='lat' dir='ltr'><strong>iambus</strong></span> <span class='ocrx_word' id='word_1_243' title='bbox 819 2223 878 2257; x_wconf 87' lang='lat' dir='ltr'><strong>ex</strong></span> <span class='ocrx_word' id='word_1_244' title='bbox 906 2207 1103 2257; x_wconf 90' lang='lat' dir='ltr'><strong>dimidia</strong></span> <span class='ocrx_word' id='word_1_245' title='bbox 1141 2207 1350 2258; x_wconf 88' lang='lat' dir='ltr'><strong>elatione</strong></span> <span class='ocrx_word' id='word_1_246' title='bbox 1389 2214 1437 2259; x_wconf 89' lang='lat' dir='ltr'><strong>et</strong></span> <span class='ocrx_word' id='word_1_247' title='bbox 1471 2210 1717 2273; x_wconf 90' lang='lat' dir='ltr'><strong>positione</strong></span> 
     </span>
     <span class='ocr_line' id='line_1_31' title="bbox 102 2277 1723 2343; baseline 0.002 -17"><span class='ocrx_word' id='word_1_248' title='bbox 102 2292 226 2343; x_wconf 86' lang='lat' dir='ltr'><strong>quae</strong></span> <span class='ocrx_word' id='word_1_249' title='bbox 252 2279 445 2342; x_wconf 86' lang='lat' dir='ltr'><strong>gemina</strong></span> <span class='ocrx_word' id='word_1_250' title='bbox 475 2285 561 2328; x_wconf 86' lang='lat' dir='ltr'><strong>est.</strong></span> <span class='ocrx_word' id='word_1_251' title='bbox 603 2278 866 2329; x_wconf 85' lang='lat' dir='ltr'><strong>trochaeus</strong></span> <span class='ocrx_word' id='word_1_252' title='bbox 888 2294 948 2329; x_wconf 84' lang='lat' dir='ltr'><strong>ex</strong></span> <span class='ocrx_word' id='word_1_253' title='bbox 969 2277 1151 2342; x_wconf 90' lang='lat' dir='ltr'><strong>duplici</strong></span> <span class='ocrx_word' id='word_1_254' title='bbox 1176 2280 1421 2343; x_wconf 88' lang='lat' dir='ltr'><strong>positione</strong></span> <span class='ocrx_word' id='word_1_255' title='bbox 1444 2288 1492 2328; x_wconf 88' lang='lat' dir='ltr'><strong>et</strong></span> <span class='ocrx_word' id='word_1_256' title='bbox 1509 2279 1723 2329; x_wconf 91' lang='lat' dir='ltr'><strong>elatione</strong></span> 
     </span>
    </p>
   </div>
   <div class='ocr_carea' id='block_1_7' title="bbox 102 2405 442 2412">
    <p class='ocr_par' dir='ltr' id='par_1_11' title="bbox 102 2405 442 2412">
     <span class='ocr_line' id='line_1_32' title="bbox 102 2405 442 2412; baseline 0 0"><span class='ocrx_word' id='word_1_257' title='bbox 102 2405 442 2412; x_wconf 95' lang='lat' dir='ltr'><strong> </strong></span> 
     </span>
    </p>
   </div>
   <div class='ocr_carea' id='block_1_8' title="bbox 103 2471 1730 2983">
    <p class='ocr_par' dir='ltr' id='par_1_12' title="bbox 103 2471 1730 2983">
     <span class='ocr_line' id='line_1_33' title="bbox 222 2471 1727 2529; baseline 0.003 -16"><span class='ocrx_word' id='word_1_258' title='bbox 222 2474 243 2512; x_wconf 91' lang='lat'>1</span> <span class='ocrx_word' id='word_1_259' title='bbox 275 2485 452 2526; x_wconf 89' lang='lat' dir='ltr'><strong>uroque</strong></span> <span class='ocrx_word' id='word_1_260' title='bbox 482 2475 521 2515; x_wconf 98' lang='lat' dir='ltr'><em>R</em></span> <span class='ocrx_word' id='word_1_261' title='bbox 558 2471 578 2528; x_wconf 83' lang='lat'><strong>[1</strong></span> <span class='ocrx_word' id='word_1_262' title='bbox 625 2476 651 2515; x_wconf 81' lang='lat'>2</span> <span class='ocrx_word' id='word_1_263' title='bbox 682 2476 826 2527; x_wconf 90' lang='lat' dir='ltr'><strong>priori</strong></span> <span class='ocrx_word' id='word_1_264' title='bbox 847 2477 870 2516; x_wconf 86' lang='lat' dir='ltr'><strong><em>b</em></strong></span> <span class='ocrx_word' id='word_1_265' title='bbox 902 2477 1054 2528; x_wconf 88' lang='lat' dir='ltr'><strong>priore</strong></span> <span class='ocrx_word' id='word_1_266' title='bbox 1076 2475 1144 2515; x_wconf 81' lang='lat' dir='ltr'><strong>Br</strong></span> <span class='ocrx_word' id='word_1_267' title='bbox 1174 2476 1296 2529; x_wconf 82' lang='lat' dir='ltr'><strong>prior</strong></span> <span class='ocrx_word' id='word_1_268' title='bbox 1316 2477 1355 2517; x_wconf 87' lang='lat' dir='ltr'><em>R</em></span> <span class='ocrx_word' id='word_1_269' title='bbox 1401 2474 1419 2529; x_wconf 81' lang='lat' dir='ltr'><strong>{l</strong></span> <span class='ocrx_word' id='word_1_270' title='bbox 1468 2479 1493 2518; x_wconf 89' lang='lat'><strong>3</strong></span> <span class='ocrx_word' id='word_1_271' title='bbox 1526 2489 1611 2529; x_wconf 80' lang='lat' dir='ltr'><strong>apo</strong></span> <span class='ocrx_word' id='word_1_272' title='bbox 1642 2477 1727 2517; x_wconf 90' lang='lat' dir='ltr'><strong>mi-</strong></span> 
     </span>
     <span class='ocr_line' id='line_1_34' title="bbox 103 2527 1726 2586; baseline 0.003 -17"><span class='ocrx_word' id='word_1_273' title='bbox 103 2541 245 2570; x_wconf 85' lang='lat' dir='ltr'><strong>zonos</strong></span> <span class='ocrx_word' id='word_1_274' title='bbox 266 2529 349 2570; x_wconf 88' lang='lat' dir='ltr'><strong>BR</strong></span> <span class='ocrx_word' id='word_1_275' title='bbox 378 2527 396 2584; x_wconf 78' lang='grc' dir='ltr'>Η</span> <span class='ocrx_word' id='word_1_276' title='bbox 424 2532 452 2571; x_wconf 88' lang='grc'>4</span> <span class='ocrx_word' id='word_1_277' title='bbox 484 2530 812 2584; x_wconf 82' lang='lat' dir='ltr'><strong>appellasonos</strong></span> <span class='ocrx_word' id='word_1_278' title='bbox 832 2531 914 2572; x_wconf 91' lang='lat' dir='ltr'><strong>BR</strong></span> <span class='ocrx_word' id='word_1_279' title='bbox 940 2529 960 2586; x_wconf 82' lang='grc' dir='ltr'>Η</span> <span class='ocrx_word' id='word_1_280' title='bbox 988 2533 1014 2573; x_wconf 81' lang='lat'>5</span> <span class='ocrx_word' id='word_1_281' title='bbox 1046 2531 1296 2574; x_wconf 85' lang='lat' dir='ltr'><strong>elationem</strong></span> <span class='ocrx_word' id='word_1_282' title='bbox 1317 2535 1424 2573; x_wconf 79' lang='lat' dir='ltr'><strong>sunt</strong></span> <span class='ocrx_word' id='word_1_283' title='bbox 1444 2534 1485 2573; x_wconf 92' lang='lat' dir='ltr'><em>D</em></span> <span class='ocrx_word' id='word_1_284' title='bbox 1513 2530 1532 2586; x_wconf 77' lang='lat' dir='ltr'><strong>{l</strong></span> <span class='ocrx_word' id='word_1_285' title='bbox 1563 2535 1587 2573; x_wconf 78' lang='lat'><strong>7</strong></span> <span class='ocrx_word' id='word_1_286' title='bbox 1619 2533 1726 2574; x_wconf 88' lang='lat' dir='ltr'><strong>sub—</strong></span> 
     </span>
     <span class='ocr_line' id='line_1_35' title="bbox 105 2583 1726 2643; baseline 0.004 -18"><span class='ocrx_word' id='word_1_287' title='bbox 105 2586 317 2639; x_wconf 81' lang='lat' dir='ltr'><strong>iungitur</strong></span> <span class='ocrx_word' id='word_1_288' title='bbox 347 2587 370 2626; x_wconf 84' lang='lat' dir='ltr'><em>b</em></span> <span class='ocrx_word' id='word_1_289' title='bbox 410 2583 429 2636; x_wconf 79' lang='grc' dir='ltr'><strong>Μ</strong></span> <span class='ocrx_word' id='word_1_290' title='bbox 472 2588 524 2628; x_wconf 93' lang='grc'><strong>10</strong></span> <span class='ocrx_word' id='word_1_291' title='bbox 552 2592 652 2639; x_wconf 81' lang='lat' dir='ltr'><strong>post</strong></span> <span class='ocrx_word' id='word_1_292' title='bbox 672 2587 883 2641; x_wconf 84' lang='lat' dir='ltr'><strong>duplices</strong></span> <span class='ocrx_word' id='word_1_293' title='bbox 916 2590 1015 2630; x_wconf 85' lang='lat' dir='ltr'><strong>add.</strong></span> <span class='ocrx_word' id='word_1_294' title='bbox 1039 2601 1148 2630; x_wconf 84' lang='lat' dir='ltr'><strong>uero</strong></span> <span class='ocrx_word' id='word_1_295' title='bbox 1171 2590 1208 2630; x_wconf 93' lang='lat' dir='ltr'><em>R</em></span> <span class='ocrx_word' id='word_1_296' title='bbox 1246 2586 1267 2643; x_wconf 81' lang='lat' dir='ltr'><strong>l]</strong></span> <span class='ocrx_word' id='word_1_297' title='bbox 1309 2591 1358 2629; x_wconf 92' lang='lat'><strong>11</strong></span> <span class='ocrx_word' id='word_1_298' title='bbox 1385 2588 1726 2631; x_wconf 83' lang='lat' dir='ltr'><strong>erit—maiore</strong></span> 
     </span>
     <span class='ocr_line' id='line_1_36' title="bbox 107 2639 1649 2699; baseline 0.002 -16"><span class='ocrx_word' id='word_1_299' title='bbox 107 2655 186 2684; x_wconf 87' lang='lat' dir='ltr'><strong>om.</strong></span> <span class='ocrx_word' id='word_1_300' title='bbox 209 2642 247 2683; x_wconf 87' lang='lat' dir='ltr'><em>R</em></span> <span class='ocrx_word' id='word_1_301' title='bbox 286 2639 306 2696; x_wconf 78' lang='grc' dir='ltr'><strong>ΙΙ</strong></span> <span class='ocrx_word' id='word_1_302' title='bbox 344 2643 498 2683; x_wconf 86' lang='lat' dir='ltr'><strong>ionico</strong></span> <span class='ocrx_word' id='word_1_303' title='bbox 530 2644 615 2683; x_wconf 91' lang='lat' dir='ltr'><strong>BD</strong></span> <span class='ocrx_word' id='word_1_304' title='bbox 645 2657 758 2685; x_wconf 80' lang='lat' dir='ltr'><strong>corr.</strong></span> <span class='ocrx_word' id='word_1_305' title='bbox 783 2645 984 2698; x_wconf 81' lang='lat' dir='ltr'><strong>Koppius</strong></span> <span class='ocrx_word' id='word_1_306' title='bbox 1022 2642 1043 2699; x_wconf 80' lang='lat' dir='ltr'><strong>[l</strong></span> <span class='ocrx_word' id='word_1_307' title='bbox 1085 2647 1136 2686; x_wconf 89' lang='grc'><strong>13</strong></span> <span class='ocrx_word' id='word_1_308' title='bbox 1170 2648 1215 2686; x_wconf 84' lang='lat' dir='ltr'><strong>et</strong></span> <span class='ocrx_word' id='word_1_309' title='bbox 1237 2645 1439 2699; x_wconf 81' lang='lat' dir='ltr'><strong>Koppius</strong></span> <span class='ocrx_word' id='word_1_310' title='bbox 1469 2645 1546 2686; x_wconf 92' lang='lat' dir='ltr'><strong>uel</strong></span> <span class='ocrx_word' id='word_1_311' title='bbox 1568 2646 1649 2687; x_wconf 89' lang='lat' dir='ltr'><strong>BR</strong></span> 
     </span>
     <span class='ocr_line' id='line_1_37' title="bbox 109 2696 1649 2755; baseline 0.003 -16"><span class='ocrx_word' id='word_1_312' title='bbox 109 2698 325 2739; x_wconf 85' lang='lat' dir='ltr'><strong>disimum</strong></span> <span class='ocrx_word' id='word_1_313' title='bbox 346 2700 387 2739; x_wconf 90' lang='lat' dir='ltr'><em>B</em></span> <span class='ocrx_word' id='word_1_314' title='bbox 426 2696 444 2753; x_wconf 84' lang='grc' dir='ltr'>Η</span> <span class='ocrx_word' id='word_1_315' title='bbox 486 2701 538 2740; x_wconf 88' lang='lat'><strong>14</strong></span> <span class='ocrx_word' id='word_1_316' title='bbox 567 2700 634 2739; x_wconf 89' lang='lat' dir='ltr'><strong>hii</strong></span> <span class='ocrx_word' id='word_1_317' title='bbox 662 2701 699 2740; x_wconf 88' lang='lat' dir='ltr'><em>R</em></span> <span class='ocrx_word' id='word_1_318' title='bbox 735 2697 754 2755; x_wconf 81' lang='grc' dir='ltr'><strong>ΙΙ</strong></span> <span class='ocrx_word' id='word_1_319' title='bbox 791 2702 843 2742; x_wconf 84' lang='grc'><strong>15</strong></span> <span class='ocrx_word' id='word_1_320' title='bbox 877 2704 925 2742; x_wconf 86' lang='lat' dir='ltr'><strong>at</strong></span> <span class='ocrx_word' id='word_1_321' title='bbox 952 2702 1095 2755; x_wconf 86' lang='lat' dir='ltr'><strong>positi</strong></span> <span class='ocrx_word' id='word_1_322' title='bbox 1115 2702 1155 2743; x_wconf 83' lang='lat' dir='ltr'><em>R</em></span> <span class='ocrx_word' id='word_1_323' title='bbox 1183 2703 1335 2743; x_wconf 83' lang='lat' dir='ltr'><strong>deinde</strong></span> <span class='ocrx_word' id='word_1_324' title='bbox 1365 2706 1472 2743; x_wconf 82' lang='lat' dir='ltr'><strong>sunt</strong></span> <span class='ocrx_word' id='word_1_325' title='bbox 1493 2704 1593 2744; x_wconf 80' lang='lat' dir='ltr'><strong>add.</strong></span> <span class='ocrx_word' id='word_1_326' title='bbox 1627 2703 1649 2743; x_wconf 83' lang='lat' dir='ltr'><em>b</em></span> 
     </span>
     <span class='ocr_line' id='line_1_38' title="bbox 107 2755 1728 2812; baseline 0.003 -17"><span class='ocrx_word' id='word_1_327' title='bbox 107 2755 162 2795; x_wconf 84' lang='lat'><strong>21</strong></span> <span class='ocrx_word' id='word_1_328' title='bbox 195 2755 418 2797; x_wconf 77' lang='grc' dir='ltr'>επονδαῑε</span> <span class='ocrx_word' id='word_1_329' title='bbox 450 2769 530 2797; x_wconf 90' lang='lat' dir='ltr'><strong>om.</strong></span> <span class='ocrx_word' id='word_1_330' title='bbox 558 2756 639 2797; x_wconf 89' lang='lat' dir='ltr'><strong>BR</strong></span> <span class='ocrx_word' id='word_1_331' title='bbox 670 2759 770 2798; x_wconf 80' lang='lat' dir='ltr'><strong>add.</strong></span> <span class='ocrx_word' id='word_1_332' title='bbox 805 2757 979 2799; x_wconf 79' lang='lat' dir='ltr'><strong>Grotius</strong></span> <span class='ocrx_word' id='word_1_333' title='bbox 1099 2758 1155 2799; x_wconf 81' lang='lat'><strong>24</strong></span> <span class='ocrx_word' id='word_1_334' title='bbox 1187 2770 1244 2798; x_wconf 84' lang='lat' dir='ltr'><strong>ac</strong></span> <span class='ocrx_word' id='word_1_335' title='bbox 1271 2758 1314 2798; x_wconf 92' lang='lat' dir='ltr'><em>B</em></span> <span class='ocrx_word' id='word_1_336' title='bbox 1353 2772 1381 2799; x_wconf 87' lang='lat' dir='ltr'><strong>a</strong></span> <span class='ocrx_word' id='word_1_337' title='bbox 1409 2759 1448 2799; x_wconf 94' lang='lat' dir='ltr'><em>R</em></span> <span class='ocrx_word' id='word_1_338' title='bbox 1492 2755 1511 2812; x_wconf 82' lang='grc' dir='ltr'>Η</span> <span class='ocrx_word' id='word_1_339' title='bbox 1561 2759 1614 2799; x_wconf 78' lang='lat' dir='ltr'><strong>tle</strong></span> <span class='ocrx_word' id='word_1_340' title='bbox 1645 2772 1728 2801; x_wconf 88' lang='lat' dir='ltr'><strong>om.</strong></span> 
     </span>
     <span class='ocr_line' id='line_1_39' title="bbox 109 2807 1730 2870; baseline 0.005 -20"><span class='ocrx_word' id='word_1_341' title='bbox 109 2808 212 2852; x_wconf 89' lang='lat' dir='ltr'><strong>B¹R</strong></span> <span class='ocrx_word' id='word_1_342' title='bbox 238 2807 259 2866; x_wconf 80' lang='grc' dir='ltr'>Η</span> <span class='ocrx_word' id='word_1_343' title='bbox 286 2815 341 2854; x_wconf 80' lang='grc'><strong>26</strong></span> <span class='ocrx_word' id='word_1_344' title='bbox 373 2817 506 2854; x_wconf 86' lang='lat' dir='ltr'><strong>erant</strong></span> <span class='ocrx_word' id='word_1_345' title='bbox 526 2811 626 2854; x_wconf 86' lang='lat' dir='ltr'><strong>B¹R</strong></span> <span class='ocrx_word' id='word_1_346' title='bbox 653 2809 748 2866; x_wconf 74' lang='lat'><strong>{128</strong></span> <span class='ocrx_word' id='word_1_347' title='bbox 780 2818 912 2855; x_wconf 85' lang='lat' dir='ltr'><strong>erent</strong></span> <span class='ocrx_word' id='word_1_348' title='bbox 932 2812 991 2855; x_wconf 91' lang='lat' dir='ltr'><strong>B¹</strong></span> <span class='ocrx_word' id='word_1_349' title='bbox 1068 2814 1235 2856; x_wconf 84' lang='lat' dir='ltr'><strong>ianbus</strong></span> <span class='ocrx_word' id='word_1_350' title='bbox 1263 2813 1305 2853; x_wconf 88' lang='lat' dir='ltr'><em>B</em></span> <span class='ocrx_word' id='word_1_351' title='bbox 1334 2812 1354 2869; x_wconf 83' lang='grc' dir='ltr'>Η</span> <span class='ocrx_word' id='word_1_352' title='bbox 1381 2816 1730 2870; x_wconf 84' lang='lat' dir='ltr'><strong>praepositione</strong></span> 
     </span>
     <span class='ocr_line' id='line_1_40' title="bbox 109 2864 1729 2927; baseline 0.004 -21"><span class='ocrx_word' id='word_1_353' title='bbox 109 2864 211 2908; x_wconf 88' lang='lat' dir='ltr'><strong>B¹R</strong></span> <span class='ocrx_word' id='word_1_354' title='bbox 257 2866 276 2922; x_wconf 82' lang='grc' dir='ltr'>Η</span> <span class='ocrx_word' id='word_1_355' title='bbox 325 2871 379 2910; x_wconf 90' lang='grc'><strong>30</strong></span> <span class='ocrx_word' id='word_1_356' title='bbox 416 2869 601 2923; x_wconf 89' lang='lat' dir='ltr'><strong>duplice</strong></span> <span class='ocrx_word' id='word_1_357' title='bbox 630 2868 732 2911; x_wconf 88' lang='lat' dir='ltr'><strong>B¹R</strong></span> <span class='ocrx_word' id='word_1_358' title='bbox 780 2867 799 2924; x_wconf 87' lang='grc' dir='ltr'><strong>ΙΙ</strong></span> <span class='ocrx_word' id='word_1_359' title='bbox 845 2871 1078 2924; x_wconf 80' lang='lat' dir='ltr'><strong>positione</strong></span> <span class='ocrx_word' id='word_1_360' title='bbox 1111 2875 1159 2915; x_wconf 82' lang='lat' dir='ltr'><strong>et</strong></span> <span class='ocrx_word' id='word_1_361' title='bbox 1191 2872 1366 2913; x_wconf 81' lang='lat' dir='ltr'><strong>inducta</strong></span> <span class='ocrx_word' id='word_1_362' title='bbox 1399 2873 1446 2916; x_wconf 80' lang='lat' dir='ltr'><strong>in</strong></span> <span class='ocrx_word' id='word_1_363' title='bbox 1470 2871 1514 2912; x_wconf 91' lang='lat' dir='ltr'><em>B</em></span> <span class='ocrx_word' id='word_1_364' title='bbox 1562 2869 1583 2927; x_wconf 80' lang='lat' dir='ltr'><strong>ll</strong></span> <span class='ocrx_word' id='word_1_365' title='bbox 1624 2878 1729 2925; x_wconf 77' lang='lat' dir='ltr'><strong>post</strong></span> 
     </span>
     <span class='ocr_line' id='line_1_41' title="bbox 111 2921 1173 2983; baseline 0.009 -21"><span class='ocrx_word' id='word_1_366' title='bbox 111 2921 315 2966; x_wconf 86' lang='lat' dir='ltr'><strong>elatione</strong></span> <span class='ocrx_word' id='word_1_367' title='bbox 346 2927 446 2968; x_wconf 85' lang='lat' dir='ltr'><strong>add.</strong></span> <span class='ocrx_word' id='word_1_368' title='bbox 482 2925 501 2931; x_wconf 81' lang='lat'><strong>‘</strong></span> <span class='ocrx_word' id='word_1_369' title='bbox 532 2926 742 2981; x_wconf 69' lang='lat' dir='ltr'><strong>geminae</strong></span> <span class='ocrx_word' id='word_1_370' title='bbox 774 2926 811 2969; x_wconf 84' lang='lat'><strong>&amp;</strong></span> <span class='ocrx_word' id='word_1_371' title='bbox 839 2929 1067 2981; x_wconf 87' lang='lat' dir='ltr'><strong>positione</strong></span> <span class='ocrx_word' id='word_1_372' title='bbox 1098 2925 1173 2983; x_wconf 70' lang='lat' dir='ltr'><strong>b&#39;H</strong></span> 
     </span>
    </p>
   </div>
   <div class='ocr_carea' id='block_1_9' title="bbox 198 2998 1386 3055">
    <p class='ocr_par' dir='ltr' id='par_1_13' title="bbox 198 2998 1386 3055">
     <span class='ocr_line' id='line_1_42' title="bbox 198 2998 1386 3055; baseline 0.013 -7"><span class='ocrx_word' id='word_1_373' title='bbox 198 3019 470 3053; x_wconf 66' lang='lat' dir='ltr'>MARTIANUS</span> <span class='ocrx_word' id='word_1_374' title='bbox 493 3023 703 3055; x_wconf 74' lang='lat' dir='ltr'>CAPELLA</span> <span class='ocrx_word' id='word_1_375' title='bbox 1314 2998 1386 3052; x_wconf 70' lang='grc'><strong>24</strong></span> 
     </span>
    </p>
   </div>
  </div>
 </body>
</html>
