1982 3230
337 157 533 198 xxxv1
590 135 933 194 PRAEFATIO
966 151 1030 192 m
1059 148 1426 190 MARTIANVM
1456 145 1788 188 GAPELLAM
1946 119 1982 147 '²³‘

339 298 518 334 norum
543 283 725 344 Apollo
750 285 798 328 et
822 280 1085 340 Neptunus
1123 280 1212 339 qui
1245 290 1414 326 muros
1451 277 1522 324 eis
1550 274 1740 333 secisse
1775 275 1948 324 dieun-

340 376 425 417 ταν
462 374 509 416 et
533 380 650 415 mem
689 379 771 413 eos
808 366 861 412 in
886 364 1092 412 Italiam
1131 362 1415 410 aduexerit.
1465 363 1723 421 praeterea
1750 371 1862 409 eum
1888 357 1950 408 de

340 452 664 500 Etruscorum
704 445 961 510 disciplina
998 446 1252 509 scripsisse
1293 459 1350 492 ex
1377 441 1582 492 Arnobii
1615 441 1648 492 l.
1675 439 1708 491 l.
1748 440 1952 506 aliisque

341 549 463 598 quos
500 532 658 583 attulit
693 531 918 581 Hertzius
962 529 1039 594 (de
1075 529 1131 578 N.
1161 530 1214 578 F.
1245 526 1461 577 Berolini
1500 523 1637 576 1845
1670 541 1718 590 p.
1747 522 1831 576 32.
1869 523 1949 576 cll.

341 617 606 668 Muellerus
651 617 694 665 Il
742 632 789 680 p.
821 613 904 679 34)
959 619 1173 670 constat,
1226 619 1280 661 ut
1330 610 1594 660 admodum
1642 611 1752 660 ueri
1794 609 1952 660 simile

341 703 567 752 uideatur
594 702 888 750 Martialium
924 697 1004 748 uel
1031 698 1193 761 potius
1218 696 1447 746 Martiani
1481 696 1703 759 ignotum
1739 693 1951 759 aliquem

343 792 596 836 auctorem
622 791 774 834 totam
800 784 928 832 hanc
955 783 1228 831 doctrinam
1257 781 1316 829 de
1343 779 1555 829 sedecim
1583 777 1705 828 caeli
1738 778 1952 843 regioni-

343 871 436 920 bus
464 887 490 920 a
517 869 713 932 Nigidio
743 874 1018 917 mutuatum
1048 882 1169 916 esse.
1223 879 1518 930 quamquam
1546 863 1748 912 minime
1772 863 1953 915 infitias

345 970 402 1004 eo
438 954 731 1003 Martianum
769 968 880 1000 cum
919 953 987 1001 eis
1024 966 1149 1014 quae
1196 966 1222 999 a
1256 948 1447 1013 Nigidio
1485 948 1827 1014 desumpserat
1860 946 1953 998 alia

345 1041 488 1088 etiam
528 1022 784 1087 miscuisse
811 1042 864 1084 ut
900 1037 998 1084 iam
1023 1034 1291 1085 Muellerus
1326 1034 1522 1083 uidetur
1557 1033 1801 1083 iudicasse
1839 1047 1951 1083 cum

344 1124 549 1179 diceret,
588 1122 1012 1171 walzrseheinlz'elz
1039 1123 1101 1170 ist
1127 1121 1220 1169 das
1249 1121 1425 1169 Ganze
1448 1121 1528 1167 ein
1553 1120 1834 1180 Fraqment
1859 1132 1954 1168 aus

344 1210 441 1256 den
468 1207 830 1255 Etruslciselzen
856 1206 1350 1267 Fulguralbilelzern,
1393 1218 1443 1252 es
1469 1205 1531 1252 ist
1555 1205 1656 1252 voll
1680 1217 1773 1252 von
1801 1203 1954 1252 deht-

344 1291 681 1341 etruslcz'seher
718 1291 907 1352 Lehre,
957 1290 1181 1350 obelez'eh
1220 1289 1351 1337 aueh
1390 1290 1500 1336 dem
1539 1288 1814 1336 Bestreben
1861 1287 1956 1336 der

343 1377 656 1436 Haruspices
700 1378 897 1435 qemdss
934 1375 1133 1422 allerlez‘
1169 1373 1374 1431 fremde
1414 1373 1724 1421 Go'tterlelzre
1771 1371 1954 1432 aufqe-

345 1473 573 1508 nommen
620 1459 727 1506 und
771 1460 823 1506 in
863 1460 943 1506 die
988 1457 1236 1506 seehzelm
1284 1457 1546 1518 Reqae‘onen
1594 1457 1823 1506 verthez'lt
1870 1457 1950 1505 ist.

346 1541 454 1603 (vol.
484 1542 525 1590 II
551 1558 598 1606 p.
631 1539 767 1602 131.)
814 1556 937 1604 quae
965 1547 1127 1589 autem
1154 1539 1420 1590 Muellerus
1447 1540 1506 1589 ad
1534 1540 1821 1604 haruspices
1846 1545 1955 1589 tan-

347 1640 493 1690 quam
540 1626 839 1674 confusionis
884 1630 1111 1673 auctores
1147 1623 1398 1674 transtulit
1442 1640 1496 1674 ea
1534 1626 1702 1674 uerius
1737 1630 1858 1688 puto
1893 1621 1955 1672 ad

345 1710 635 1759 Martianum
673 1711 834 1773 ipsum
860 1710 1150 1759 referemus,
1201 1723 1355 1757 unum
1383 1708 1557 1758 addam
1586 1724 1644 1758 ex
1670 1724 1767 1774 quo
1805 1714 1955 1757 totam

345 1794 474 1842 hanc
513 1793 632 1842 caeli
665 1793 977 1856 partitionem
1025 1808 1125 1841 non
1161 1808 1187 1841 a
1223 1794 1461 1843 Martiano
1500 1795 1823 1857 excogitatam
1868 1791 1956 1842 sed

347 1876 406 1926 ab
446 1877 539 1927 alio
577 1877 789 1942 quodam
826 1883 1026 1927 auctore
1065 1877 1373 1942 desumptam
1411 1892 1516 1927 esse
1542 1883 1705 1940 pateat
1742 1876 1954 1927 certissi-

346 1977 480 2010 mum
533 1969 894 2023 argument-um.
970 1963 1203 2011 nimirum
1253 1963 1305 2010 in
1354 1963 1587 2012 uniuersa
1628 1959 1793 2011 fabula
1837 1976 1956 2012 con-

346 2044 555 2094 texenda
590 2046 847 2108 primarias
873 2051 1038 2108 partes
1075 2047 1204 2094 inter
1232 2046 1352 2095 deos
1387 2052 1538 2110 agunt
1562 2045 1735 2112 Apollo
1761 2046 1956 2113 Mercu·-¹

347 2129 450 2177 rius
484 2128 673 2177 Venus:
737 2128 812 2176 his
858 2129 1005 2192 igitur
1041 2130 1092 2177 in
1141 2128 1261 2178 caeli
1305 2130 1412 2179 istis
1458 2130 1744 2194 regionibus
1788 2131 1830 2180 si
1865 2145 1954 2180 sua

347 2214 538 2262 somnia
585 2219 868 2262 exornasset
903 2227 1048 2262 nemo
1098 2213 1338 2263 dubitabit
1375 2216 1492 2279 quin
1543 2214 1755 2280 aliquem
1789 2213 1952 2264 locum

348 2298 667 2360 assignasset:
708 2297 792 2346 sed
819 2313 881 2346 ne
908 2298 1062 2347 uerbo
1091 2298 1288 2362 quidem
1314 2305 1597 2363 tanguntur.

490 2381 585 2430 Sed
636 2383 731 2430 iam
776 2382 965 2446 singula
1010 2383 1329 2432 examinanda
1374 2391 1502 2433 sunt.
1577 2390 1624 2433 et
1667 2400 1714 2449 p.
1755 2384 1952 2450 quidem

350 2464 430 2522 17,
457 2462 491 2513 2
528 2466 656 2529 quod
694 2465 834 2514 dicit:
875 2467 1322 2531 ²..praecipueque
1349 2474 1601 2517 senatores
1639 2468 1845 2518 deorum
1871 2469 1953 2534 qui

346 2551 560 2598 Penates
595 2549 880 2599 ferebantur
910 2552 1152 2602 Tonantis
1186 2556 1365 2615 ἱρείας,
1406 2566 1715 2617 quorumque
1751 2553 1952 2602 nomina

349 2634 577 2697 quoniam
610 2633 854 2697 publicari
889 2643 1134 2685 secretum
1163 2637 1372 2687 caeleste
1397 2652 1497 2686 non
1533 2637 1756 2702 pertulit,
1803 2651 1870 2687 ex
1893 2651 1952 2687 eo

348 2720 483 2778 quod
529 2722 695 2767 omnia
734 2722 939 2782 pariter
984 2724 1365 2783 repromittunt,
1418 2737 1597 2772 nomen
1643 2724 1713 2771 eis
1747 2735 1950 2771 eonsen-

347 2803 485 2849 sz‘one
512 2803 762 2863 perfecit'
804 2819 928 2868 quae
955 2804 1316 2855 de‘Penatz’bus
1350 2806 1470 2854 dixit
1504 2821 1559 2855 ea
1585 2805 1765 2870 Nigidii
1799 2805 1950 2855 videri

348 2883 442 2931 iam
479 2884 948 2944 demonstrauimus;
985 2889 1072 2939 sed
1111 2890 1150 2938 si
1185 2889 1245 2938 ad
1286 2889 1418 2939 hunc
1445 2889 1649 2940 Arnobii
1673 2888 1836 2939 locum
1863 2888 1948 2938 ad-
