1982 3230
0 104 3 106 ‚
22 82 30 86 .
53 61 63 90 2
751 54 938 97 LIBER
967 53 1040 96 111
1644 51 1716 107 95

103 200 279 251 ductae
315 197 493 256 uerba,
534 211 660 261 quae
695 195 964 246 indicatiuo
1002 195 1150 246 modo
1198 202 1424 261 tempore
1460 197 1710 261 praesenti

103 285 316 336 persona
351 269 507 334 prima
545 278 606 317 10
642 266 818 316 litteris
856 266 1212 324 terminantur,
1255 282 1309 316 ea
1349 265 1524 316 eodem
1562 266 1712 316 modo

103 349 325 404 tempore
350 338 618 403 praeterito
649 338 813 401 specie
839 337 1121 387 inchoatiua
1146 337 1186 386 E
1212 338 1453 401 producta
1483 343 1710 386 manente

29 403 40 408 ’
102 406 398 461 nouissimae
424 407 638 473 syllabae
666 407 885 457 adiciunt
910 418 1033 457 ΒΑΜ
1059 413 1114 456 ut
1150 407 1475 457 audiebam
1502 408 1708 457 uenie-

57 494 79 525 5
102 482 234 531 bam
273 478 667 544 operiebam;
709 492 1004 542 quamquam
1043 477 1165 528 haec
1191 485 1388 527 ueteres
1414 478 1518 526 sine
1555 477 1594 526 E
1632 476 1707 527 lit·
1741 488 1794 526 91
1817 486 1856 528 G

101 558 207 603 tera
250 548 632 614 pronunti-abant
678 554 733 596 ut
782 547 1026 612 Vergilius
1087 547 1340 598 ‘nutribat
1387 548 1710 614 Tyrrhusque

98 628 253 687 pater,
290 620 368 669 cui
404 620 540 683 regia
584 624 761 683 parent
797 621 1056 668 armenta'.
1131 618 1378 668 secundus
1422 618 1599 667 modus
1638 625 1710 682 est

98 706 210 741 cum
250 690 290 740 Ο
327 689 503 740 amissa
541 688 850 753 praecedens
884 687 1066 754 syllaba
1102 689 1396 753 producitur
1435 695 1488 738 ut
1524 689 1708 738 uenio

25 780 28 781 ⁷
96 762 237 812 ueni
275 774 587 810 ueneram.
664 760 837 809 tertius
874 774 986 808 cum
1026 760 1046 809 I
1084 766 1131 809 et
1158 758 1198 808 Ο
1231 760 1283 808 in
1311 759 1347 807 V
1375 766 1424 809 et
1459 759 1479 808 1
1515 765 1709 809 mutant

32 843 74 879 ιο
95 838 152 882 ut
187 832 405 896 operio
445 830 667 895 operui
716 844 1107 894 operueram.
1184 837 1392 894 quartus
1431 830 1515 894 qui
1554 830 1707 893 depo-

96 903 201 952 sitis
241 903 257 952 l
285 907 332 951 et
358 901 398 950 O
424 900 806 965 praecedentem
842 907 1197 950 consonantem
1232 901 1284 950 in
1312 901 1344 950 S
1372 901 1618 950 conuertit
1655 907 1710 949 ut

94 974 305 1023 sarcio
343 972 507 1022 sarsi
546 985 876 1020 sarseram.
942 972 1142 1034 quintus
1168 972 1252 1036 qui
1287 986 1378 1036 per
1403 970 1447 1019 X
1477 971 1707 1020 ‘enuntia-

97 1050 175 1093 tur
200 1050 256 1093 ut
292 1043 397 1092 uin
413 1042 505 1090 cio
540 1042 714 1090 uinxi
749 1045 1087 1090 uinxeram.
1145 1042 1319 1091 tertiae
1347 1041 1706 1104 coniugationis
1737 1050 1823 1092 323

96 1113 365 1177 productae
390 1111 560 1168 uerba,
590 1126 716 1176 quae
742 1111 1009 1161 indicatiuo
1034 1112 1183 1161 modo
1203 1117 1430 1177 tempore
1456 1113 1705 1175 praesenti

29 1196 73 1229 15
96 1195 171 1234 ΕΟ
197 1182 372 1233 litteris
410 1183 749 1242 terminantur,
786 1198 842 1231 ea
877 1188 1102 1246 tempore
1138 1182 1306 1232 futuro
1344 1182 1519 1232 eodem
1557 1181 1705 1232 modo

11 1285 14 1289 -
95 1265 171 1304 ΒΟ
209 1252 392 1319 syllaba
432 1252 621 1301 adiecta
658 1251 718 1302 ad
753 1252 1103 1316 imperatiuum
1137 1253 1339 1302 modum
1376 1255 1705 1302 terminantur

93 1332 147 1374 ut
183 1324 335 1373 adeo
362 1322 460 1372 adi
499 1321 708 1379 adibo,
748 1322 985 1386 prodeo
1020 1323 1204 1387 prodi
1241 1322 1540 1387 prodibo;
1578 1338 1704 1387 quae

91 1410 214 1444 uero
240 1405 318 1450 10,
347 1393 533 1443 adiecta
572 1393 630 1442 ad
670 1393 1015 1457 imperatiuum
1043 1394 1244 1443 modum
1281 1405 1366 1442 AM
1391 1392 1573 1459 syllaba
1600 1400 1717 1443 ter-.

26 1525 30 1528 ⁴
92 1465 342 1514 minantur
369 1469 423 1513 ut
447 1463 631 1512 audio
659 1463 800 1512 audi
827 1463 1098 1522 audiam,
1139 1466 1349 1514 nutrio
1387 1465 1556 1514 nutri
1591 1479 1703 1514 nu-

25 1547 70 1582 20
92 1536 289 1592 triam,
319 1532 821 1599 quamuisTerentius
847 1534 1111 1598 protulerit
1135 1550 1225 1599 per
1238 1546 1331 1585 ΒΟ.
1359 1535 1475 1584 inde
1497 1541 1705 1600 apparet

91 1605 336 1668 geminam
362 1620 470 1654 esse
497 1605 965 1669 pronuntiationem.
1008 1605 1127 1654 dixit
1154 1606 1285 1655 enim
1311 1605 1428 1655 ‘iam
1455 1604 1592 1656 scibo
1619 1604 1702 1655 ubi
1733 1615 1819 1655 324

93 1677 229 1726 siet'.
292 1674 557 1724 indicatiuo
596 1675 744 1724 modo
780 1680 1007 1739 tempore
1042 1677 1294 1740 praesenti
1331 1691 1534 1732 eorum,
1574 1681 1701 1741 quae

90 1756 167 1796 Eo
195 1746 371 1795 litteris
404 1746 747 1802 terminantur,
784 1751 899 1794 sunt
927 1745 1080 1795 uerba
1107 1761 1232 1811 quae
1267 1762 1293 1795 a
1321 1746 1519 1795 diuerso
1555 1761 1701 1811 prae-

90 1816 216 1866 senti
251 1816 571 1880 praeteritum
599 1814 758 1864 simile
776 1814 962 1865 habent
981 1823 1035 1866 ut
1059 1815 1239 1866 luceo
1267 1822 1315 1865 et
1339 1815 1546 1879 lugeo:
1575 1816 1703 1865 luxi

26 1900 68 1932 25
92 1886 221 1936 enim
259 1885 390 1935 facit.
482 1885 598 1934 item
644 1883 887 1950 <cernit
931 1892 980 1936 et
1039 1888 1274 1936 crescit
1321 1887 1528 1936 creuit
1566 1888 1698 1937 facit.

29 1977 33 1982 ¹
90 1963 205 2006 sunt
230 1955 320 2005 alia
347 1969 472 2020 quae
498 1969 595 2005 una
619 1955 762 2005 uerbi
795 1957 1039 2022 positione
1066 1958 1186 2007 duas
1221 1957 1593 2021 coniugationes
1630 1964 1702 2008 te-

90 2034 238 2077 neant
262 2031 316 2076 ut
340 2025 538 2091 pando
575 2026 820 2076 mando:
859 2028 1044 2077 faciunt
1070 2028 1202 2077 enim
1227 2027 1459 2093 pandas
1488 2035 1536 2078 et
1560 2043 1701 2092 pan-

90 2097 207 2153 dis,
248 2096 504 2147 mandas
543 2102 591 2146 et
627 2097 878 2147 mandis.
922 2097 1076 2148 uerba
1103 2098 1299 2148 casibus
1323 2099 1598 2161 iunguntur
1623 2099 1698 2148 in-

89 2167 281 2218 terdum
319 2166 524 2231 singulis
550 2168 638 2216 ita:
677 2169 895 2231 genitiuo
936 2174 988 2219 ut
1021 2170 1333 2219 misereor
1373 2170 1487 2226 tui,
1529 2169 1699 2219 datiuo

11 2239 67 2287 'so
88 2245 143 2288 ut
167 2238 399 2288 suadeo
436 2236 584 2295 tibi,
625 2240 908 2288 accusatiuo
937 2246 992 2290 ut
1015 2254 1233 2290 moneo
1272 2247 1353 2297 te,
1393 2238 1606 2289 ablatiuo
1645 2246 1699 2289 ut

87 2314 230 2359 utor
267 2307 407 2357 illo:
447 2307 698 2358 interdum
736 2308 930 2360 duobus
967 2317 1021 2359 ut
1058 2309 1274 2360 ablatiuo
1313 2318 1361 2360 et
1398 2311 1697 2368 accusatiuo,

86 2386 142 2429 ut
178 2379 406 2443 fungor
442 2378 603 2428 hanc
639 2394 767 2428 rem
806 2388 855 2430 et
890 2379 1001 2430 illa
1038 2396 1118 2430 re.

229 2462 362 2512 Haec
400 2463 515 2511 satis
552 2463 612 2512 ad
664 2463 885 2529 exempla
935 2464 1188 2530 analogiae
1237 2466 1414 2515 dixisse
1468 2464 1693 2515 sufficiat.

201 2663 226 2702 6
246 2660 459 2714 uirgilius
481 2661 504 2701 b
528 2659 661 2711 (Aen.
690 2661 789 2701 VII
809 2659 912 2713 485)
952 2658 972 2715 Η
1009 2666 1251 2714 tyrrusque
1274 2662 1357 2703 BR
1395 2658 1414 2715 ΙΙ
1454 2664 1480 2702 9
1508 2661 1696 2702 mittunt

67 2751 69 2753 .
89 2730 200 2758 corr,
217 2719 262 2758 in
282 2721 464 2758 mutant
483 2731 618 2769 supra
637 2719 785 2769 script.
810 2717 997 2758 mittunt
1016 2717 1058 2757 B
1089 2719 1279 2758 mittunt
1300 2719 1337 2759 R
1372 2714 1395 2771 Ι]
1432 2719 1488 2759 20
1517 2721 1691 2758 terren-

89 2773 181 2813 tius
201 2773 224 2813 b
247 2771 451 2826 (Adelph.
473 2774 576 2826 361)
611 2770 631 2827 [l
664 2776 718 2814 23
735 2772 936 2819 ,diuerbo
954 2774 991 2814 R
1026 2773 1044 2827 ΙΙ
1083 2775 1137 2814 24
1158 2774 1356 2815 similem
1373 2773 1456 2816 BR
1475 2788 1630 2827 corrup
1657 2771 1678 2829 11

91 2829 144 2869 26
174 2830 361 2870 tenetD
409 2826 429 2883 Η
478 2831 530 2871 31
565 2831 836 2871 accusatiuo
872 2834 918 2870 et
951 2829 1212 2871 ablatiuoD
1259 2827 1280 2884 ss
