1982 3230
0 0 110 134 F
733 73 918 115 LIBER
947 72 1037 115 v11
1602 66 1708 121 275
1750 56 1752 61 ⁴

95 218 377 284 prehendit,
405 221 731 282 superquarto
756 215 842 265 ubi
870 222 918 265 et
945 213 1078 264 illum
1106 214 1267 279 ipsum
1295 219 1343 262 et
1364 218 1563 278 quartas
1585 212 1706 262 eius.
1777 258 1778 261 ,

99 303 351 338 sumamus
376 289 594 353 quinque
621 286 681 335 ad
707 286 772 336 111
800 294 848 335 et
875 287 1044 335 decem
1072 285 1131 334 ad
1158 299 1260 334 sex.
1326 283 1574 333 antecedit
1601 273 1708 348 qui-

99 360 268 408 narius
293 359 586 413 ternionem,
616 357 746 421 quod
775 364 823 406 et
846 355 1015 406 illam
1003 371 1158 420 lpsam
1188 361 1235 403 et
1262 355 1365 404 eius
1392 354 1514 404 duas
1540 354 1710 403 tertias

98 429 261 479 habet.
335 430 452 478 item
480 429 530 476 in
558 427 741 478 decade
767 434 880 476 sunt
907 434 955 476 et
980 441 1063 475 sex
1093 433 1140 475 et
1167 425 1227 474 de
1253 439 1338 474 sex
1366 424 1490 473 duae
1517 425 1707 473 tertiae.

54 513 76 546 5
100 507 148 549 at
172 501 397 565 proxima
423 505 750 563 superquarto
776 498 899 547 ratio
927 503 1000 546 est
1025 498 1152 545 inter
1178 501 1367 558 septem
1395 502 1442 544 et
1463 501 1708 559 quattuor,

97 572 227 619 inter
253 569 643 634 quattuordecim
683 574 730 618 et
757 574 881 617 octo.
959 569 1007 616 in
1035 573 1225 631 septem
1263 572 1312 614 et
1345 566 1447 630 ipsa
1476 572 1711 630 quattuor

99 646 213 690 sunt
239 646 286 688 et
313 641 418 689 eius
455 646 556 688 tres
583 645 801 703 quartae.
877 644 1025 703 atque
1060 645 1114 686 ut
1140 652 1194 685 ea
1233 636 1447 691 ratione,
1476 650 1601 700 quae
1628 650 1709 684 su·-

98 710 362 776 pertertiae
402 715 450 759 ct
495 716 851 773 superquartae
888 709 1111 772 proxima
1153 713 1248 763 est,
1296 706 1510 755 maiores
1550 706 1597 754 in
1635 706 1712 754 his

99 782 319 831 numeris
357 782 585 837 uincum,
623 781 692 829 sic
719 780 909 829 ratione
947 780 1170 843 proxima
1206 776 1474 826 subtertiae
1512 782 1558 825 et
1594 775 1711 826 sub-

34 864 78 898 10
102 857 304 915 quartae
342 853 558 900 minores
606 866 716 900 cum
760 865 917 899 maio1
921 849 1028 898 ibus
1067 848 1264 898 habent.
1339 847 1423 896 illo
1460 848 1710 897 neminem

99 923 261 986 decipi
288 924 535 978 conuenit,
563 928 616 971 ut
642 921 853 985 aliquam
880 920 1127 986 <partium
1155 915 1397 968 rationem
1418 918 1713 982 superdimi-

101 990 209 1042 diae
250 992 458 1042 similem
497 999 648 1056 putet.
725 1007 837 1041 nam
877 993 917 1039 si
954 1005 1190 1040 numerus
1225 989 1398 1054 aliquis
1443 1003 1711 1038 numerum

101 1062 314 1127 aliquem
344 1070 393 1112 et
420 1063 674 1112 dimidium
705 1066 807 1112 eius
833 1062 984 1111 habet
1019 1060 1404 1125 superdimidius
1431 1066 1526 1116 est,
1555 1061 1594 1108 si
1622 1074 1712 1108 nu-

99 1149 294 1182 merum
323 1133 536 1199 aliquem
564 1140 612 1183 et
639 1135 743 1183 eius
771 1133 867 1182 duo
896 1132 1094 1182 dimidia
1122 1130 1268 1180 habet
1293 1145 1409 1195 pars
1436 1136 1523 1180 est.
1599 1145 1712 1179 nam

34 1218 77 1250 15
109 1210 161 1252 ut
198 1204 324 1253 duae
362 1204 561 1269 quidem
597 1206 773 1253 tertiae
810 1205 1051 1252 rationem
1099 1203 1398 1265 supertertio
1435 1202 1713 1264 proximam

100 1273 297 1330 habent,
325 1276 396 1324 sic
424 1275 548 1324 duae
577 1280 781 1338 quartae
805 1276 1047 1323 rationem
1075 1278 1404 1336 superquarto
1431 1273 1713 1336 proximam

99 1346 362 1409 recipiunt.
426 1360 538 1394 nam
567 1346 718 1409 siquis
752 1346 911 1408 ipsum
941 1350 989 1393 et
1016 1345 1123 1395 eius
1150 1343 1269 1392 duas
1297 1351 1495 1406 quartas
1530 1339 1715 1406 habet>

99 1415 480 1479 superdimidius
507 1423 594 1471 est,
624 1422 677 1465 ut
702 1415 741 1463 si
769 1421 883 1464 sunt
909 1429 993 1464 sex
1023 1420 1069 1464 et
1097 1420 1355 1479 quattuor:
1390 1414 1440 1461 in
1468 1427 1553 1462 sex
1582 1413 1712 1461 enim

102 1492 150 1535 et
186 1491 418 1550 quattuor
453 1492 568 1536 sunt
605 1494 653 1535 et
691 1487 796 1535 eius
834 1486 958 1535 duae
997 1492 1215 1548 quartae.
1294 1491 1466 1533 contra
1502 1498 1625 1532 uero
1660 1488 1715 1532 ut

35 1570 78 1603 πο
102 1571 154 1606 ea
182 1558 387 1612 ratione,
418 1571 543 1620 quae
570 1557 896 1621 supertertiae
924 1563 971 1605 et
998 1561 1355 1620 superquartae
1376 1554 1596 1619 proxima
1621 1560 1710 1611 est,
1738 1562 1848 1603 253
1853 1559 1890 1602 θ

99 1627 314 1675 maiores
340 1628 390 1675 in
416 1627 492 1676 his
526 1629 748 1676 numeris
784 1628 1016 1682 uincunt‚
1055 1628 1125 1675 sic
1156 1627 1399 1675 rationem
1436 1619 1713 1690 proximam

100 1697 373 1747 subtertiae
413 1703 459 1747 et
485 1697 784 1762 subquartae
820 1699 1037 1746 minores
1074 1712 1183 1746 cum
1222 1695 1492 1745 maioribus
1528 1695 1714 1744 habent

101 1768 370 1832 eademque
389 1769 515 1817 ratio
538 1769 775 1832 procedit,
799 1768 867 1817 sic
889 1774 939 1817 ut
960 1769 1308 1832 superquintae
1329 1765 1716 1816 ulterioribusuc

101 1838 272 1888 similis
299 1844 386 1888 est.
448 1839 564 1887 hinc
590 1853 764 1888 rursus
790 1838 932 1903 plura
961 1839 1242 1887 discrimina
1273 1838 1512 1893 oriuntur,
1542 1838 1583 1885 si
1611 1838 1716 1901 qui·
1747 1846 1830 1890 763

35 1921 78 1955 25
102 1908 213 1958 dem
250 1923 378 1958 unus
403 1924 639 1965 numerus
665 1915 827 1974 potest
853 1908 1003 1973 duplo
1040 1909 1270 1972 generari
1311 1915 1392 1958 aut
1418 1908 1712 1972 superdimi-

33 1995 36 1999 ’
101 1979 181 2028 dio
207 1982 614 2043 autsupertertio
641 1986 723 2029 aut
748 1986 1076 2044 superquarto
1103 1978 1488 2028 ulterioribusue
1515 1984 1563 2028 et
1589 1978 1719 2027 mul-

100 2050 455 2115 tiplicationum
493 2057 541 2099 et
566 2050 903 2100 membrorum
947 2050 1240 2099 rationibus.
1304 2064 1549 2114 ponamus
1575 2056 1713 2115 quat·

100 2127 214 2171 tuor
241 2126 289 2169 et
315 2121 503 2171 decem.
562 2136 621 2170 ex
647 2120 722 2170 his
750 2121 918 2171 decem
948 2120 1097 2184 duplo
1125 2128 1173 2170 et
1198 2120 1554 2185 superdimidio
1583 2121 1715 2169 aucti

101 2197 227 2240 sunt.
277 2206 390 2240 nam
417 2190 493 2240 bis
520 2198 756 2256 quaterna
786 2198 896 2241 octo
924 2200 1053 2248 sunt,
1083 2191 1260 2241 deinde
1288 2191 1546 2240 dimidium
1575 2198 1714 2255 quat-

38 2273 80 2306 30
104 2267 215 2310 tuor
241 2261 291 2310 in
320 2261 526 2312 duobus.
603 2278 910 2328 apponamus
938 2269 1170 2327 quattuor
1208 2268 1256 2310 et
1291 2261 1712 2326 quattuordecim;

102 2347 162 2382 ex
197 2331 273 2381 his
309 2333 702 2396 quattuordecim
743 2333 892 2397 triplo
930 2341 978 2382 et
1013 2332 1369 2398 superdimidio
1417 2333 1548 2381 aucti
1583 2338 1712 2380 sunt.

101 2416 215 2451 nam
241 2408 318 2451 ter
345 2409 582 2466 quaterna
610 2403 870 2453 duodecim
900 2410 1027 2453 sunt.
1086 2403 1262 2453 deinde
1290 2402 1545 2451 dimidium
1573 2407 1712 2466 quat·

100 2478 214 2521 tuor
250 2478 322 2521 est
358 2474 406 2521 in
435 2472 641 2522 duobus
707 2474 1089 2538 progrediamur
1116 2472 1241 2522 ultra
1271 2487 1427 2536 usque
1465 2472 1525 2521 ad
1552 2471 1640 2521 1111
1666 2479 1714 2521 et

215 2615 240 2654 2
264 2611 338 2667 ad]
365 2617 411 2654 et
431 2613 473 2653 B
492 2610 512 2667 Η
533 2611 610 2666 ad]
637 2617 684 2654 et
703 2613 746 2653 B
764 2611 786 2668 Il
812 2614 840 2654 4
860 2613 1000 2655 decus
1022 2614 1104 2655 BR
1123 2628 1240 2656 corr.
1258 2615 1378 2655 Vale.
1401 2609 1419 2666 Η
1448 2616 1553 2653 sunt
1570 2612 1633 2653 VI
1654 2612 1677 2652 b
1703 2613 1720 2669 ῃ

102 2671 129 2712 5
169 2669 228 2710 ad
259 2669 361 2711 B¹R
406 2667 425 2724 Η
478 2672 526 2710 11
562 2670 731 2722 aliquis
763 2671 786 2710 b
835 2666 854 2724 11
913 2672 966 2711 14
1002 2683 1110 2723 pars
1142 2674 1215 2711 est
1243 2670 1284 2710 B
1323 2683 1408 2723 par
1440 2672 1510 2709 est
1540 2669 1563 2709 b
1603 2681 1712 2722 pars

104 2727 203 2766 eius
234 2729 306 2767 est
335 2728 376 2766 D
432 2724 451 2781 Η
510 2729 562 2768 16
602 2726 719 2767 duae
750 2727 836 2767 BD
872 2727 943 2767 III
974 2726 998 2767 b
1046 2723 1065 2780 ΙΙ
1114 2727 1169 2768 25
1208 2726 1423 2779 generari
1460 2726 1581 2766 Vulc.
1613 2727 1713 2778 geri

104 2781 187 2822 BR
231 2779 250 2835 {l
298 2784 353 2824 28
385 2795 440 2823 ex
470 2783 495 2823 b
535 2788 582 2823 et
610 2782 693 2823 BR
739 2780 757 2836 ΙΙ
804 2785 859 2824 30
898 2786 968 2823 est
998 2783 1021 2823 b
1061 2787 1167 2823 sunt
1195 2783 1278 2824 BR
1327 2779 1345 2837 ΙΙ
1393 2785 1447 2824 33
1478 2786 1584 2822 sunt
1613 2789 1713 2823 ante

104 2838 154 2879 in
183 2837 357 2880 duobus
389 2841 489 2880 add.
515 2839 616 2881 B¹R
654 2836 673 2893 Η
710 2845 809 2892 post
829 2839 950 2880 ultra
972 2840 1073 2880 add.
1098 2852 1179 2880 sex
1205 2840 1238 2880 R
1269 2842 1444 2880 sextum
1465 2838 1523 2878 B¹
1565 2836 1583 2893 ΙΙ
1653 2839 1711 2880 ad

1264 2907 1370 2960 18*
