1982 3230
0 0 183 256 Γ
296 138 305 147 Α
332 151 338 154 -
578 123 661 164 DE
693 121 886 164 PRIMO
917 120 1104 163 LIBRO
1450 121 1648 164 XXXXI

0 249 177 302 libris
214 251 274 301 (16
309 249 339 300 l.
369 250 422 299 L.
498 249 701 300 ubinam
746 256 919 300 terrae
955 254 1161 311 patrem
1197 251 1384 311 iynem,
1438 254 1649 299 matrem

0 316 4 325 ⁵
32 350 217 400 aquam
244 341 520 398 nuncupet,
564 333 647 383 diu
673 335 854 383 frustra
885 334 1121 399 quaesiui.
1181 339 1300 399 puto
1328 333 1460 384 hunc
1486 333 1650 383 locum

34 419 96 485 (p.
113 418 179 471 67
194 418 294 485 Sp.)
323 419 568 485 Koppium
595 419 644 468 in
671 433 814 468 suum
842 433 985 469 usum
1014 420 1139 468 miro
1167 420 1314 469 modo
1343 419 1651 470 conuertisse

33 505 211 570 ‘igitur
254 503 434 568 duplex
478 519 651 553 caussa
691 504 925 553 nascendi
968 504 1094 568 ignis
1140 510 1188 553 et
1232 519 1385 569 aqua;
1438 504 1552 554 ideo
1597 520 1654 554 ea

34 590 216 655 nuptiis
242 590 291 638 in
318 587 485 638 limine
521 588 819 638 adhibentur
849 588 979 653 quod
1008 588 1277 652 coniungit.
1330 590 1448 638 ltine
1474 595 1522 638 et
1546 604 1654 638 mas

36 676 170 736 iynis
206 675 343 736 quod
385 677 458 724 ibi
500 688 689 735 semen,
744 689 882 735 aqua
920 674 1122 733 femina
1158 675 1296 735 quod
1322 674 1465 733 fetus
1500 676 1656 723 alitur

29 759 256 809 humore'
297 756 470 808 collata
498 758 708 807 fortasse
734 774 781 823 p.
806 755 872 807 76
895 757 977 821 Sp.
1017 758 1163 821 ‘ignis
1189 773 1214 806 a
1243 757 1494 821 nascendo
1522 757 1654 822 quod

31 842 147 893 hinc
183 844 400 893 nascitur
439 849 486 892 et
525 858 671 892 omne
698 843 830 907 quod
865 844 1086 893 nascitur
1123 843 1251 906 ignis
1278 842 1470 907 gignit.'
1520 848 1656 906 patet

31 927 148 978 hinc
184 927 331 993 longe
368 927 553 978 distare
590 930 871 978 Vulcanum
899 930 1005 978 diei
1028 934 1199 977 terrae
1216 933 1424 990 patrem
1452 933 1500 976 et
1526 942 1653 991 nego

34 1011 130 1063 tale
156 1012 424 1078 quidquam
452 1028 478 1062 a
505 1013 746 1063 Martiano
774 1014 878 1061 sine
916 1019 1119 1061 auctore
1147 1013 1332 1062 dictum
1359 1012 1533 1070 fuisse,
1572 1014 1655 1076 qui

30 1095 148 1147 licet
183 1096 366 1147 multos
401 1099 542 1161 sequi
567 1097 808 1161 potuisset
851 1111 983 1146 nunc
1012 1097 1318 1162 deperditos,
1355 1104 1519 1146 tamen
1547 1113 1654 1147 sus-

31 1182 154 1246 pitio
191 1180 503 1231 subnascitur
535 1182 825 1242 Terraeque
854 1187 1003 1243 paler
1041 1180 1162 1230 nihil
1199 1196 1306 1230 esse
1343 1197 1490 1246 quam
1527 1180 1656 1245 glos-

34 1280 167 1315 sema
211 1271 399 1315 temere
444 1266 493 1314 in
543 1271 730 1314 textum
768 1265 978 1322 illatum,
1031 1271 1086 1316 ut
1126 1264 1457 1330 explicaretur
1492 1265 1655 1315 Tellu-

32 1364 120 1400 rus
145 1348 226 1399 ille
264 1355 311 1398 et
335 1349 551 1399 librariis
588 1356 636 1399 et
660 1349 802 1399 nohis
837 1351 1050 1414 ignotuS.
1112 1349 1439 1400 Mulciberum
1468 1355 1515 1399 et
1542 1349 1656 1399 Vul-

34 1449 213 1484 canum
246 1449 369 1484 uero
396 1450 422 1483 a
449 1433 687 1483 Martiano
715 1434 792 1483 bis
819 1441 1235 1485 commemoratos
1273 1450 1379 1484 esse
1405 1450 1506 1483 non
1533 1434 1658 1484 mul-

35 1524 138 1569 tum
166 1520 333 1568 miror.
386 1519 446 1568 de
476 1522 632 1569 Genio
659 1520 879 1584 Koppius
905 1525 1042 1569 recte
1070 1520 1203 1569 dixit.

173 1604 334 1654 Sexta
353 1607 569 1667 septima
595 1610 783 1655 octaua
810 1620 947 1654 nona
973 1606 1111 1668 regio
1133 1605 1253 1654 deos
1274 1607 1493 1655 continet
1513 1604 1658 1669 plane

33 1689 252 1752 ignotos:
302 1703 417 1738 nam
464 1689 525 1739 de
562 1704 620 1738 eo
657 1690 742 1754 qui
776 1689 919 1739 Pales
966 1689 1144 1739 dicitur
1183 1705 1245 1739 ne
1285 1697 1395 1754 post
1432 1689 1658 1739 Muelleri

36 1770 202 1840 (1188)
255 1778 304 1822 et
351 1773 574 1823 Merkelii
625 1774 823 1838 quidem
874 1774 1016 1837 (prol.
1046 1774 1105 1823 ad
1133 1775 1238 1824 fast.
1278 1789 1325 1838 p.
1356 1774 1538 1824 CCVIII
1564 1773 1654 1839 sq.)

34 1854 416 1922 disputationes
441 1859 565 1906 certi
617 1859 883 1923 quidquam
936 1859 1172 1907 affirmari
1221 1858 1335 1908 licet
1379 1860 1471 1908 nisi
1522 1859 1654 1923 quod

6 1941 357 1992 Etruscorum
407 1957 519 1991 eum
571 1942 719 1992 fuisse
768 1942 967 2007 (Arnob.
996 1941 1168 2007 11140)
1211 1952 1257 1992 et
1294 1959 1320 1992 a
1356 1943 1447 1993 dea
1481 1944 1651 1993 Latina

11 2026 255 2077 ,eiusdem
282 2027 493 2075 nominis
520 2026 798 2076 diuersum:
847 2026 939 2076 alia
966 2027 1059 2076 sibi
1093 2029 1340 2092 persuasit
1367 2027 1654 2078 Gerhardus

36 2109 85 2172 (l.
112 2110 146 2160 l.
171 2127 221 2176 p.
248 2109 319 2161 30
332 2108 406 2174 ⁰3).

177 2195 246 2245 De
282 2197 509 2247 decimae
544 2197 759 2260 regionis
785 2196 1012 2260 Neptuno
1050 2196 1111 2246 cf.
1142 2197 1430 2247 Gerhardus
1456 2213 1504 2262 p.
1538 2195 1655 2248 19⁵.

34 2279 122 2329 sed
148 2280 278 2344 quod
305 2279 569 2330 Muellerus
595 2281 639 2330 II
665 2296 712 2345 p.
741 2278 811 2331 55
825 2279 867 2311 50
907 2282 1022 2331 dicit
1046 2283 1283 2344 zuyleiclz
1310 2284 1495 2332 lcO'mmt
1521 2298 1578 2332 er
1604 2287 1657 2333 in

36 2366 129 2415 der
157 2366 484 2414 Genienlelzre
519 2367 612 2414 der
642 2367 952 2416 Tuslsischen
979 2368 1233 2429 Disciplin
1262 2405 1273 2416 .
1303 2404 1314 2416 .
1345 2381 1437 2417 vor
1474 2367 1534 2416 de
1561 2367 1657 2417 hoc

36 2448 325 2501 Gerhardus
352 2448 491 2498 aliter
518 2449 764 2499 dubitauit
790 2466 836 2514 p.
858 2448 956 2500 195
983 2455 1117 2501 seine
1147 2454 1365 2513 Geltunq
1392 2455 1467 2500 als
1494 2458 1655 2501 etrus-

34 2535 237 2583 lciselzer
270 2535 433 2583 Penat
473 2572 484 2583 .
512 2572 524 2583 .
561 2537 955 2598 problematiselt
990 2542 1136 2600 atque
1173 2536 1293 2584 mihi
1331 2535 1655 2585 dubitandum

35 2618 247 2668 uidetur.
309 2633 424 2667 nam
461 2618 523 2667 ad
559 2634 707 2684 quem
744 2619 948 2669 Arnobii
984 2620 1151 2670 locum
1189 2619 1278 2685 (ΙΙΙ
1313 2617 1408 2684 40)
1448 2625 1657 2685 uterque
1751 2659 1754 2661 -

7 2708 276 2778 4ΡιὌιιοεειῑ
320 2704 559 2765 Nigidius
602 2706 817 2754 Penates
867 2708 983 2755 deos
1030 2708 1318 2767 Neptunum
1361 2719 1465 2753 esse
1509 2711 1660 2767 atque

36 2789 321 2851 Apollinem
354 2790 680 2849 prodidit
720 2790 769 2837 in
805 2805 862 2838 eo
901 2790 961 2838 de
989 2790 1208 2839 Etruscis
1234 2788 1500 2839 Penatibus
1536 2790 1658 2839 nihil

37 2871 184 2936 plane
226 2873 552 2936 praecipitur,
606 2873 693 2923 sed
737 2873 985 2937 Nigidium
1029 2879 1083 2922 ut
1127 2874 1223 2922 iam
1269 2879 1411 2923 antea
1455 2876 1658 2940 exposui
