1982 3230
272 99 376 154 346
751 98 1052 141 MARTIANI
1081 97 1401 140 CAPELLAE

274 246 538 308 praecepta
568 238 864 289 edissertare
890 239 1214 304 prohibitum,
1242 255 1353 290 cum
1380 240 1641 291 melodiam
1668 242 1881 291 omniso-

275 316 349 363 nis
376 310 753 361 conuenientem
781 308 1004 374 pulsibus
1030 309 1343 360 modulorum
1370 311 1626 361 machinae
1652 310 1881 362 obeuntis

273 385 377 448 ipsa
429 379 667 446 rapiditas
718 385 766 429 et
815 381 1043 429 concinat
1093 387 1141 430 et
1189 387 1436 443 agnoscat.
1513 381 1600 431 sed
1649 383 1880 446 quoniam

196 495 198 497 .
274 466 464 504 emersa
500 451 648 501 terris
673 451 816 514 uirgo
841 457 1056 515 nuptura
1079 453 1397 501 uanescentia
1433 451 1880 516 intercapedinatae

271 522 565 589 prolixitatis
611 519 794 570 obliuia
840 521 937 573 iam
979 536 1161 586 supero
1203 521 1350 572 debet
1394 523 1566 585 uigore
1617 522 1878 585 discutere,
1923 523 1965 567 5'

271 597 403 645 iussa
431 606 749 656 percurram,
793 592 834 639 si
869 593 1006 655 prius
1039 594 1260 656 ingratae
1285 592 1596 642 mortalitatis
1622 593 1881 642 commoda

154 677 241 717 922
273 663 529 729 repudiata
575 676 882 711 recenseam.
958 663 1073 712 dum
1122 678 1201 712 me
1238 665 1417 728 quippe
1464 677 1750 725 germanam
1795 677 1879 727 ge-

272 733 569 796 mellamque
613 731 748 781 caelo
794 731 874 782 illa
922 733 1250 798 incogitabilis
1296 733 1588 796 effigientiae
1628 733 1880 797 genuisset

271 804 584 860 inmensitas‚
621 801 843 852 sidereae
868 803 1192 853 reuolutionis
1229 819 1466 853 excursus
1493 810 1637 868 atque
1672 805 1777 867 ipsa
1803 809 1877 852 to-

271 878 367 925 tius
403 872 544 924 moli's
570 872 823 922 uolumina
853 876 1082 924 comitata
1117 889 1325 938 superos
1361 875 1634 938 incitosque
1662 872 1878 937 fulgores
1902 884 1944 916 10

272 945 431 995 modis
457 944 716 994 adsocians
737 957 971 993 numeros
996 960 1098 1006 non
1123 944 1314 1009 reliqui.
1354 945 1439 994 sed
1461 959 1574 993 cum
1600 943 1679 993 illa
1707 957 1878 993 monas

271 1012 712 1078 intellectualisque
765 1012 888 1063 lucis
941 1015 1101 1079 prima
1146 1015 1374 1063 formatio
1425 1015 1612 1064 animas
1661 1012 1879 1062 fontibus

273 1091 558 1136 emanantes
606 1085 659 1133 in
702 1089 949 1134 terrarum
1000 1084 1275 1134 habitacula
1328 1085 1530 1148 rigaret,
1577 1083 1878 1132 moderatrix

274 1172 444 1208 earum
471 1156 601 1205 iussa
628 1168 738 1204 sum
761 1155 1007 1205 demeare.
1049 1155 1260 1219 denique
1282 1169 1514 1204 numeros
1542 1152 1878 1218 cogitabilium

274 1229 546 1276 motionum
569 1226 817 1289 totiusque
843 1225 1112 1275 uoluntatis
1132 1224 1357 1290 inpulsus
1374 1226 1478 1288 ipsa
1498 1239 1667 1274 rerum
1683 1224 1878 1288 dispen-
1902 1233 1949 1267 15

161 1304 243 1344 923
274 1313 387 1347 sans
416 1297 789 1360 congruentiam
815 1296 1168 1360 temperabam,
1233 1311 1378 1360 quam
1405 1310 1510 1344 rem
1538 1295 1720 1344 dedere
1746 1308 1878 1342 mor-

271 1368 451 1417 talibus
472 1367 717 1415 uniuersis
733 1367 1104 1430 Theophrastus
1123 1365 1381 1415 laborauit.
1421 1365 1715 1430 Pythagorei
1735 1364 1879 1413 etiam

111 1443 256 1485 3136?
274 1438 550 1487 docuerunt
574 1436 811 1485 ferociam
839 1437 987 1485 animi
1006 1436 1135 1484 tibiis
1163 1441 1246 1485 aut
1263 1435 1440 1484 fidibus
1466 1434 1742 1484 mollientes
1768 1448 1879 1483 cum

273 1507 567 1573 corporibus
589 1506 862 1556 adhaerere
897 1521 1081 1555 nexum
1111 1505 1286 1554 foedus
1309 1506 1600 1570 animarum.
1639 1503 1878 1554 membris

159 1584 242 1625 924
273 1593 471 1644 quoque
496 1577 704 1626 latentes
729 1576 1027 1626 interserere
1053 1591 1287 1625 numeros
1311 1590 1412 1624 non
1440 1575 1727 1639 contempsi.
1781 1574 1878 1623 hoc
1901 1584 1943 1616 20

273 1651 417 1699 etiam
445 1643 763 1696 Aristoxenus
787 1646 1189 1711 Pythagorasque
1222 1651 1480 1695 testantur.
1556 1644 1766 1708 denique
1791 1644 1878 1694 be·

272 1719 511 1782 nignitate
536 1715 810 1780 largissima
837 1717 1020 1766 sensim
1039 1718 1195 1782 ipsam
1222 1717 1471 1765 notionem
1497 1730 1636 1765 meae
1663 1713 1876 1764 oblecta-

268 1791 419 1840 tionis
463 1783 649 1852 aperui.
737 1802 851 1837 nam
894 1787 1016 1837 fides
1069 1787 1199 1852 apud
1239 1785 1455 1851 Delphos
1503 1800 1593 1851 per
1632 1784 1878 1834 Deliacam

272 1860 511 1909 citharam
541 1858 902 1914 demonstraui;
930 1857 1078 1907 tibiae
1103 1873 1194 1921 per
1217 1857 1521 1906 Tritonidam
1546 1856 1700 1905 nostri
1727 1856 1876 1904 comi-

270 1937 370 1980 tem
397 1930 739 1994 Marsyamque
766 1928 975 1993 Lydium
1002 1933 1302 1983 sonuerunt;
1332 1927 1545 1976 calamos
1570 1924 1878 1990 Mariandyni
1899 1933 1941 1968 25

272 2006 320 2050 et
345 2000 506 2048 Aones
532 2001 582 2048 in
606 1998 777 2048 laudes
802 1998 1042 2049 inssauere
1070 1997 1381 2053 caelestium:
1419 1996 1693 2061 panduram
1718 1995 1876 2060 Aegy-

269 2071 398 2134 ptios
424 2069 731 2132 adtemptare
757 2070 959 2133 permisi
991 2069 1208 2134 ipsisque
1244 2083 1322 2117 me
1348 2065 1677 2132 pastoralibus
1701 2064 1876 2115 fistulis

267 2139 350 2189 uel
377 2144 547 2188 cantus
584 2140 746 2187 auium
774 2138 856 2187 uel
892 2138 1127 2188 arborum
1166 2139 1383 2201 crepitus
1410 2136 1490 2186 uel
1525 2149 1757 2185 susurros
1782 2134 1875 2184 flu-

269 2210 461 2259 minum
487 2208 791 2258 imitantibus
818 2223 917 2256 non
943 2209 1140 2271 negaui.
1215 2207 1396 2272 psaltas
1424 2207 1718 2255 cordacistas
1745 2219 1874 2255 sam-

388 2352 411 2390 1
447 2349 725 2390 edissertare
757 2349 898 2390 deleta
928 2353 948 2389 t
982 2349 1015 2389 R
1052 2345 1072 2402 ΙΙ
1111 2347 1386 2389 omnissonis
1416 2360 1440 2386 r
1492 2343 1497 2399 Ι
1536 2347 1559 2385 ’7
1592 2344 1802 2398 repedita
1833 2343 1875 2383 B

269 2405 512 2459 repediata
533 2406 571 2445 R
600 2404 622 2446 l
642 2404 885 2457 repudiata
916 2406 939 2446 b
978 2401 998 2458 ΙΙ
1036 2405 1061 2444 8
1094 2403 1369 2444 effitientiae
1399 2416 1423 2442 r
1462 2399 1470 2456 l
1522 2403 1572 2441 11
1603 2413 1760 2442 mones
1782 2401 1819 2441 R
1839 2397 1858 2454 ΙΙ

271 2464 323 2504 13
355 2461 637 2502 &manantes
657 2459 754 2501 RB¹
796 2458 814 2515 Η
855 2463 909 2502 14
938 2473 1149 2501 numerus
1170 2461 1208 2500 R
1246 2456 1264 2515 Η
1313 2461 1366 2500 15
1393 2458 1659 2499 uolumtatis
1681 2457 1718 2498 R
1746 2455 1876 2497 uolu-

269 2519 414 2571 ptatis
451 2532 476 2557 r
534 2515 554 2571 ss
610 2518 662 2557 16
702 2517 870 2558 dedere
900 2519 1059 2570 scripsi
1105 2517 1272 2558 debere
1302 2515 1385 2556 BR
1441 2511 1461 2569 ΙΙ
1510 2516 1560 2555 17
1592 2513 1874 2554 theofrastus

269 2574 352 2615 BR
391 2571 409 2628 ΙΙ
456 2573 809 2627 pytagoreiRB
856 2570 875 2627 Η
923 2575 975 2615 18
1006 2574 1148 2626 tybiis
1179 2572 1243 2613 bR
1289 2569 1308 2625 ΙΙ
1354 2573 1409 2613 2Ο
1439 2573 1611 2611 interse
1641 2567 1696 2610 R¹
1734 2568 1874 2608 inter-

270 2643 372 2671 sere
394 2628 453 2669 Bl
495 2626 513 2683 [l
551 2642 642 2670 non
674 2631 815 2670 deleta
840 2632 884 2670 in
905 2630 943 2670 R
981 2626 999 2683 ΙΙ
1039 2631 1091 2669 21
1123 2632 1464 2681 pytagorasque
1485 2626 1568 2667 BR
1605 2621 1624 2676 ΙΙ
1663 2626 1716 2664 22
1748 2624 1876 2664 sensi

269 2687 308 2727 R
347 2683 366 2739 [l
407 2686 736 2727 obiectationis
766 2685 869 2727 B¹R
906 2683 926 2739 Η
965 2688 1019 2727 23
1051 2684 1198 2726 delfos
1229 2684 1271 2724 B
1311 2683 1462 2724 delfus
1491 2682 1531 2722 R
1565 2677 1587 2734 [1
1625 2681 1681 2720 24
1712 2679 1871 2731 cytha-

270 2755 370 2782 ram
399 2741 442 2782 B
491 2739 509 2795 Η
566 2744 620 2782 25
657 2742 967 2794 marsiamque
998 2741 1158 2782 lidium
1188 2740 1269 2780 BR
1323 2737 1342 2793 [Ι
1399 2735 1676 2778 mariandini
1708 2736 1789 2776 BR
1836 2732 1855 2789 Η

270 2799 324 2837 26
355 2798 611 2850 pandurum
631 2798 712 2838 BR
741 2797 992 2850 pandoram
1021 2798 1045 2838 b
1084 2794 1103 2845 ΙΙ
1142 2799 1196 2837 29
1227 2795 1399 2848 negabi
1420 2791 1520 2834 B¹R
1557 2789 1576 2846 Η
1617 2792 1771 2846 paltas
1795 2791 1884 2832 BR*

269 2852 421 2904 peltas
453 2855 477 2894 b
517 2851 535 2907 Η
576 2854 860 2895 cordacistas
881 2854 963 2894 BR
983 2852 1282 2895 ·cortialistas
1314 2852 1337 2892 b
1378 2847 1398 2904 ss
