1982 3230
748 73 933 116 LIBER
961 75 1028 116 VI
1580 71 1692 124 239

508 160 533 171 x

72 218 275 282 padocia
312 215 494 267 multae
530 214 680 264 urbes
718 217 945 273 eximiae,
982 216 1112 264 inter
1147 230 1270 280 quas
1306 214 1497 272 Melita,
1536 229 1683 278 quam

73 289 358 338 Semiramis
392 286 630 342 condidit,
659 291 706 334 et
730 286 947 341 Mazaca,
977 301 1121 350 quam
1150 285 1319 335 dicunt
1354 285 1551 335 urbium
1580 300 1682 334 ma-

72 366 216 408 trem.
292 359 370 407 cui
394 358 613 419 Argaeus
648 370 790 405 mons
816 357 1062 412 imminet,
1101 357 1183 420 qui
1209 357 1350 406 niues
1379 357 1581 405 uerticis
1608 354 1677 405 al·

72 428 280 478 bicantis
314 441 376 477 ne
413 427 611 475 aestiuis
636 426 830 490 quidem
869 425 1054 475 solibus
1090 425 1419 489 superfundit.
1496 428 1546 475 in
1584 426 1677 475 hac

29 509 50 542 5
75 497 376 563 Cappadocia
406 495 658 559 longitudo
679 497 820 545 Asiae
846 496 1080 545 undecies
1108 504 1314 545 centena
1336 496 1675 560 quadraginta.

210 568 393 632 Assyrii
425 565 710 632 <Adiabene
750 567 1018 629 incipiunt,
1058 580 1183 628 quos
1221 567 1402 631 excipit
1435 566 1591 615 Media
1628 568 1678 615 in
1711 574 1794 616 691

68 643 335 704 prospectu
364 636 522 701 Caspii
549 638 713 691 maris,
737 651 861 700 quae
885 636 1143 686 Caucaseis
1169 636 1421 685 montibus
1450 638 1676 700 cingitur.

70 708 157 757 sed
186 707 429 757 Caucasus
455 714 624 771 portas
649 707 820 767 habet,
859 722 979 771 quas
1007 707 1205 770 Caspias
1233 706 1425 762 dicunt,
1464 708 1678 756 cautium

68 779 401 842 praecisiones
437 779 580 826 etiam
610 778 785 826 ferreis
821 776 1044 826 trabibus
1076 777 1332 826 obseratas
1359 777 1416 825 ad
1448 783 1678 827 externo-

2 860 44 893 ιο
66 863 177 897 rum
209 849 463 898 transitum
493 847 838 901 cohibendum,
864 848 1090 912 quamuis
1119 862 1274 896 uerno
1302 849 1446 896 etiam
1474 863 1679 912 serpen-

67 917 196 968 tibus
239 918 585 968 obcludantur.
661 917 892 981 aquibus
928 918 986 967 ad
1025 918 1235 967 Pontum
1285 918 1494 967 ducenta
1543 917 1674 966 milia

63 1003 298 1054 passuum
346 1003 452 1038 esse
498 1004 596 1037 non
642 988 845 1037 dubium
892 994 979 1038 est.
1054 990 1104 1036 in
1152 988 1309 1037 Ponto
1354 995 1518 1037 autem
1565 994 1679 1037 sunt

63 1058 253 1109 insulae
274 1059 639 1124 Symplegades
668 1074 781 1107 mox
803 1060 940 1120 regio
960 1058 1209 1121 Margiane
1230 1058 1331 1107 sola
1358 1060 1408 1107 in
1437 1074 1494 1108 eo
1518 1066 1675 1108 tractu

47 1122 283 1184 'uitifera
321 1129 506 1178 inclusa
535 1129 786 1178 montibus
813 1129 1082 1178 stadiorum
1111 1128 1243 1178 mille
1271 1130 1672 1193 quingentorum,

0 1210 41 1242 15
65 1198 274 1248 difficilis
300 1199 431 1248 aditu
460 1205 664 1263 propter
691 1198 978 1248 solitudines
1005 1214 1262 1255 arenosaS‚
1293 1215 1418 1263 quae
1445 1207 1560 1248 sunt
1585 1214 1675 1262 per

63 1276 261 1319 centum
289 1270 459 1333 uiginti
487 1269 614 1318 milia
644 1284 893 1333 passuum.
956 1270 1174 1332 regionis
1201 1270 1480 1332 praedictae
1508 1284 1673 1318 amoe-

62 1341 263 1389 nitatem
290 1339 564 1389 Alexander
590 1340 795 1402 Magnus
833 1338 1082 1403 delegerat
1110 1346 1156 1389 et
1179 1339 1246 1388 ibi
1272 1341 1434 1402 primo
1461 1340 1674 1388 nominis

59 1411 136 1459 sui
163 1410 450 1459 condiderat
485 1411 758 1466 ciuitatem,
788 1425 913 1474 quae
940 1410 1098 1459 excisa
1128 1415 1223 1466 est,
1265 1416 1312 1459 et
1338 1410 1398 1458 ab
1428 1410 1671 1459 Antiocho

60 1479 256 1530 Seleuci
279 1480 379 1529 filio
417 1486 641 1545 reparata
672 1496 782 1529 cum
811 1481 1010 1529 nomine
1039 1479 1226 1546 patris>
1254 1481 1500 1538 eiusdem,
1531 1482 1669 1530 cuius
1702 1520 1784 1560 692

0 1560 37 1593 20
60 1551 293 1600 circuitus
340 1550 487 1600 habet
533 1551 685 1600 stadia
734 1552 1040 1614 septuaginta
1075 1553 1307 1616 quinque.
1384 1551 1497 1600 inde
1534 1551 1670 1601 Oxus
1692 1579 1783 1617 223
1807 1574 1843 1616 θ

59 1622 240 1676 amniS,
279 1623 362 1686 qui
398 1623 528 1670 circa
556 1622 782 1670 Bactram
828 1637 939 1670 cum
978 1622 1083 1670 eius
1118 1623 1331 1670 nominis
1367 1622 1550 1686 oppido
1576 1622 1668 1670 ssu-

56 1692 253 1755 uioque.
328 1691 453 1740 ultra
482 1691 703 1740 Paranda
743 1692 975 1756 oppidum
1017 1691 1404 1755 Sogdianorum,
1442 1691 1527 1742 ubi
1554 1691 1665 1741 Ale-

55 1762 243 1810 xander
286 1763 479 1810 tertiam
522 1761 876 1810 Alexandream
927 1762 1144 1810 condidit
1186 1763 1247 1811 ad
1297 1763 1666 1822 contestandam

56 1831 249 1880 itineris
275 1831 623 1895 prolixitatem.
684 1833 865 1896 quippe
891 1831 959 1880 ibi
986 1848 1010 1880 a
1042 1832 1219 1881 Libero
1248 1832 1426 1882 dehinc
1454 1832 1514 1882 ab
1543 1832 1666 1882 Her-

24 1979 26 1981 ’
169 1972 293 2021 §691
330 1986 384 2012 ex
418 1973 571 2013 Solino
602 1986 645 2025 p.
679 1973 774 2023 196,
802 1975 821 2012 1
858 1976 904 2012 et
937 1975 986 2013 17
1020 1977 1066 2012 et
1095 1973 1247 2014 Plinio
1270 1973 1334 2014 VI
1371 1976 1426 2015 28
1459 1978 1505 2014 et
1535 1976 1590 2015 30
1621 1978 1668 2014 et

55 2027 212 2068 Solino
244 2030 337 2079 198,
363 2033 383 2068 1
419 2035 464 2069 et
494 2029 646 2069 Plinio
669 2029 731 2069 VI
762 2031 943 2070 31-32
968 2033 1014 2069 et
1034 2031 1217 2071 46—47
1267 2027 1286 2083 Η
1334 2031 1358 2080 ξ
1390 2032 1472 2071 692
1507 2043 1562 2071 ex
1585 2030 1666 2071 So-

53 2083 147 2124 lino
163 2097 206 2137 p.
232 2086 325 2135 199,
354 2087 374 2124 1
398 2107 449 2114 —
468 2087 565 2137 200,
587 2087 613 2125 4

165 2213 191 2251 2
223 2212 553 2253 sameramisB
575 2213 862 2253 saemiramis
883 2214 906 2253 b
939 2214 1260 2254 semeramisR
1292 2214 1552 2254 semiramis
1573 2227 1597 2253 r
1627 2210 1646 2266 Π

50 2279 238 2308 mazasa
267 2268 349 2309 BR
388 2267 406 2322 [Ι
455 2272 479 2310 3
513 2282 678 2322 argeus
709 2269 791 2310 BR
840 2268 857 2323 Η
908 2271 933 2310 5
965 2270 1284 2322 capadociaR
1324 2268 1341 2324 l]
1383 2269 1663 2310 duodeciens

53 2329 250 2364 centena
281 2325 318 2364 L
350 2326 394 2364 M
426 2340 469 2379 p.
498 2327 662 2366 Plinius
707 2322 726 2379 {l
773 2329 798 2366 6
831 2327 983 2366 assirii
1014 2326 1055 2365 B
1103 2323 1122 2380 Η
1172 2327 1414 2380 adgabene
1447 2326 1470 2366 b
1527 2323 1546 2378 Η
1594 2326 1662 2365 in-

52 2381 263 2432 quipiunt
291 2380 351 2420 B¹
391 2379 410 2434 11
460 2383 485 2422 8
516 2384 730 2422 caucasis
763 2382 803 2421 B
843 2379 861 2436 Η
906 2381 957 2423 10
990 2382 1263 2422 coibendum
1294 2382 1336 2422 B
1386 2379 1404 2435 Η
1456 2384 1508 2422 13
1539 2381 1661 2421 Mar-

59 2435 197 2488 giane
231 2437 391 2476 Plinius
423 2438 678 2478 martianae
701 2438 744 2478 B
775 2440 1006 2478 martiana
1028 2440 1068 2478 D
1107 2437 1125 2492 Ι]
1174 2439 1225 2479 15
1258 2452 1313 2479 ac
1345 2444 1444 2479 ante
1475 2442 1662 2490 propter

48 2493 149 2532 add.
173 2490 231 2531 B¹
279 2489 298 2546 ΙΙ
353 2492 618 2533 solitudinis
646 2493 706 2533 B¹
756 2490 776 2547 Η
828 2496 877 2535 18
911 2495 1095 2535 antioco
1118 2495 1159 2534 B
1198 2493 1217 2549 Η
1260 2498 1310 2534 19
1343 2507 1442 2535 cum
1476 2494 1659 2534 nomine

48 2547 135 2588 BD
167 2550 437 2601 cognomine
471 2550 493 2587 b
553 2546 571 2603 ΙΙ
629 2551 684 2590 20
715 2550 877 2590 stadiis
908 2551 1034 2590 LXX
1064 2552 1228 2591 Plinius
1257 2551 1325 2591 VI
1347 2554 1402 2590 47
1441 2547 1459 2604 l]
1501 2563 1614 2590 oxus
1635 2551 1660 2590 b

49 2605 149 2644 oxis
170 2604 252 2645 BR
300 2602 318 2659 Η
364 2608 415 2645 21
450 2606 666 2645 Bactrum
691 2606 860 2646 Solinus
879 2621 923 2658 p.
948 2609 1045 2658 194,
1077 2609 1103 2646 4
1135 2607 1347 2647 bractani
1377 2607 1459 2646 BR
1506 2607 1660 2647 bactri

49 2659 74 2700 b
113 2656 132 2714 Η
180 2662 234 2700 22
265 2662 471 2714 paranda
503 2662 582 2702 BR
620 2662 780 2702 Panda
803 2662 970 2703 Solinus
1019 2660 1038 2716 Η
1085 2665 1138 2702 22
1170 2664 1489 2703 socdianorum
1512 2662 1594 2703 BR
1621 2660 1640 2717 Η

49 2717 104 2756 23
135 2716 452 2758 alexandriam
474 2719 512 2759 R
549 2715 571 2772 H
609 2720 662 2759 24
690 2725 790 2770 post
812 2719 980 2771 quippe
1003 2720 1103 2761 add.
1128 2719 1300 2759 emensi
1321 2734 1350 2771 p
1390 2716 1408 2771 11
1446 2733 1490 2771 p.
1510 2721 1609 2771 240,
1633 2723 1654 2758 l

49 2769 113 2811 ibi
142 2773 181 2813 R
211 2779 253 2814 et
280 2776 471 2826 fortasse
507 2775 571 2826 B,
616 2776 729 2828 quod
763 2777 924 2815 deleuit
966 2775 1111 2815 mensi
1141 2778 1182 2815 in
1213 2789 1370 2815 rasura
1400 2775 1423 2815 b
1469 2776 1656 2816 immen-

48 2827 148 2880 ssip
195 2825 216 2882 ll
