1982 3230
151 273 238 313 462

1094 55 1116 77 Ο

269 114 372 166 152
747 113 1047 156 ΜΑΒΤΙΑΝῙ
1071 95 1400 158 cAPELLAE

410 256 535 306 Hinc
559 265 867 304 IVDICATIO
894 265 1144 307 LEGALIS
1171 255 1375 317 orietur,
1399 257 1536 306 cuius
1555 258 1875 325 suntgspecies

269 329 501 390 quinque.
577 340 674 374 una
701 330 796 382 est,
835 339 947 374 cum
973 325 1156 387 scripto
1182 325 1366 389 aliquid
1402 326 1609 391 pluraue
1645 327 1873 392 ambigua

270 397 600 452 continentur,
629 410 755 459 quae
781 410 807 443 a
834 395 1035 446 Graecis
1062 393 1354 459 ἀμφιβολία
1377 403 1709 454 memoratur,
1737 404 1790 447 ut
1815 413 1872 448 ex

267 466 654 531 <communione
687 465 902 514 nominis
935 479 1018 514 res
1055 466 1348 531 plerumque
1381 467 1699 517 confunditur
1724 474 1778 518 ut
1803 474 1874 517 est

268 535 388 584 illud
423 536 642 601 ‘quidam
668 535 925 585 TAVRVM
958 535 1164 598 legauit,
1203 551 1300 600 quo
1325 538 1524 586 nomine
1559 552 1759 587 seruum
1785 537 1866 587 ha-
1916 548 1940 581 ⁵

268 606 447 656 buerat
490 606 755 655 admodum
789 606 1078 670 pretiosum.
1154 622 1330 656 uerum
1366 606 1446 656 ille
1490 608 1637 657 heres
1679 614 1873 658 taurum

269 676 365 725 hoc
393 683 466 726 est
490 676 670 726 bouem
700 677 847 733 dedit,
875 677 988 740 quia
1015 677 1131 726 fecit
1156 692 1338 726 nomen
1365 677 1700 741 amphibolum
1727 691 1873 744 quae-

269 748 516 797 stionem'.
589 749 708 796 item
735 762 795 796 ex
820 747 1076 796 nominum
1102 747 1413 797 distinctione
1447 763 1537 811 per
1564 747 1797 813 syllabam
1822 755 1876 798 ut

270 818 488 880 ‘quidam
525 817 697 866 habuit
738 818 1044 882 propinquos
1080 817 1202 867 duos
1246 833 1401 867 unum
1436 818 1634 868 Lesium
1677 818 1877 867 nomine

269 887 518 952 aliumque
554 887 819 942 Milesium,
867 887 1202 952 heredemque
1240 890 1540 938 constituens
1577 890 1649 938 sic
1684 887 1876 938 locutus
1899 899 1942 931 ιο

271 965 345 1007 est
369 957 575 1008 HERES
601 957 762 1006 ESTO
788 957 1014 1007 MILESI.
1067 974 1162 1022 qua
1189 959 1510 1007 distinctionis
1536 958 1742 1022 ambage
1768 968 1876 1008 cer·-

117 1031 252 1072 1506
272 1035 437 1078 tamen
465 1034 690 1077 exortum
729 1028 842 1076 dum
881 1028 1068 1076 heres
1083 1035 1187 1076 esto
1213 1030 1307 1077 mi'
1335 1029 1602 1091 distinguit,
1606 1028 1641 1093 >
1667 1029 1751 1092 qui
1786 1028 1877 1077 Le-

155 1175 241 1213 463

157 1596 243 1635 464

159 2088 244 2129 465

270 1100 372 1148 sius
398 1098 671 1148 dicebatur:
699 1098 823 1146 alius
850 1113 972 1147 uero
1000 1099 1230 1147 continua
1258 1100 1471 1148 nominis
1497 1099 1697 1162 iugitate
1723 1097 1876 1147 ‘Mile-

274 1171 428 1218 sium'
471 1168 588 1218 dicit
631 1148 883 1217 heredem.
960 1174 1074 1217 sunt
1109 1170 1224 1217 item
1269 1169 1426 1228 modi,
1462 1183 1585 1232 quos
1628 1167 1876 1217 dialectica

272 1239 630 1303 conprehendit
675 1240 928 1287 astructio.
1021 1240 1136 1288 item
1186 1240 1375 1303 species
1429 1237 1760 1302 scriptionalis
1807 1245 1879 1287 est
1901 1247 1943 1279 15

271 1311 593 1374 quaestioniS,
624 1324 748 1372 quae
775 1325 834 1358 ex
861 1309 1031 1357 uerbis
1058 1317 1104 1358 et
1143 1311 1380 1358 sententia
1415 1309 1693 1373 scriptionis
1720 1323 1879 1357 emer-

272 1381 364 1444 git,
392 1385 446 1428 ut
471 1380 519 1427 in
548 1380 642 1427 hoc
679 1380 1001 1442 ‘peregrinus
1035 1394 1233 1428 murum
1263 1395 1324 1428 ne
1360 1380 1606 1428 ascendat.
1681 1378 1878 1442 quidam

273 1449 477 1499 obsessa
513 1451 708 1498 ciuitate
737 1449 1025 1498 conscendit
1059 1450 1348 1512 hostemque
1375 1449 1563 1498 deiecit.
1621 1450 1880 1512 arguitur.'
1962 1511 1963 1514 Ἴ

273 1521 353 1569 hic
379 1535 496 1569 reus
522 1519 646 1581 legis
673 1521 932 1576 sententia,
959 1519 1128 1568 uerbis
1154 1521 1326 1569 nititur
1352 1526 1624 1568 accusator.

376 1599 379 1601 “
416 1590 637 1638 Tertium
664 1590 961 1653 quaestionis
989 1597 1062 1638 est
1096 1605 1252 1652 genus
1288 1605 1399 1638 cum
1437 1589 1711 1638 contrariae
1746 1587 1879 1651 leges
1901 1597 1945 1629 20

276 1663 525 1725 utriinque
552 1675 720 1708 secum
748 1658 1071 1715 colliduntur,
1100 1666 1154 1707 ut
1179 1660 1228 1707 in
1254 1659 1336 1708 illo
1365 1663 1497 1707 ‘mas
1524 1658 1760 1723 templum
1791 1658 1878 1707 Ce-

273 1731 401 1779 reris
427 1745 489 1779 ne
517 1730 863 1793 ingrediatur’.
917 1731 1030 1778 item
1061 1731 1162 1793 ‘qui
1187 1729 1483 1794 parentibus¹
1503 1744 1646 1792 opem
1675 1743 1773 1776 non
1801 1734 1878 1776 tu-

273 1801 387 1849 lerit
412 1802 660 1864 puniatur.
710 1801 759 1849 in
797 1799 980 1863 templo
1008 1801 1201 1849 Cereris
1226 1799 1477 1862 uapulanti
1512 1800 1655 1847 matri
1690 1799 1879 1861 ingres-

274 1886 357 1919 sus
383 1886 526 1934 opem
554 1870 682 1919 filius
708 1870 834 1920 tulit.
885 1876 1181 1919 accusatur.>
1233 1869 1346 1918 facit
1383 1870 1463 1918 hic
1500 1869 1780 1918 conflictum
1809 1868 1879 1916 di-

273 1943 482 1991 uersitas
506 1941 686 2003 legum,
717 1955 923 2004 quarum
951 1941 1291 2005 interpretatio
1320 1939 1580 1995 colliditur,
1607 1946 1662 1988 ut
1687 1940 1766 1987 cui
1790 1953 1878 2002 po·
1901 1946 1943 1978 25

276 2013 369 2060 tius
395 2011 775 2060 auscultandum
802 2012 863 2059 sit
887 2018 1134 2074 appareat.

416 2079 598 2138 Quarta
627 2081 687 2130 de
723 2082 907 2144 scripto
945 2082 1164 2144 quaestio
1192 2087 1288 2137 est,
1318 2096 1443 2144 quae
1483 2080 1661 2128 dicitur
1687 2078 1880 2143 syllogi-

275 2166 424 2206 snmS‚
455 2167 565 2200 cum
594 2167 651 2199 ex
679 2166 737 2199 eo
766 2150 895 2213 quod
924 2152 1160 2213 scriptum
1188 2158 1275 2207 est,
1301 2151 1348 2199 id
1379 2151 1510 2214 quod
1535 2165 1632 2198 non
1661 2156 1735 2199 est
1759 2149 1879 2198 scri-

273 2230 410 2284 ptum
439 2221 862 2283 argumentatione
888 2219 1186 2282 colligimuS,
1214 2225 1270 2268 ut
1293 2221 1344 2267 in
1380 2220 1474 2268 hoc
1501 2219 1713 2268 ‘exulem
1754 2219 1880 2266 intra

274 2293 396 2340 fines
418 2291 782 2355 deprehensum
809 2289 952 2338 liceat
973 2291 1213 2338 occidere.
1254 2290 1451 2353 quidam
1477 2291 1731 2337 inuentum
1760 2303 1878 2336 exu-
1903 2296 1947 2327 30

274 2363 371 2411 lem
407 2361 709 2411 uerberauit.
774 2367 1050 2408 accusatur.
1118 2376 1142 2408 a
1171 2360 1431 2408 defensore
1459 2358 1719 2420 colligitur,
1748 2357 1881 2421 quod

274 2434 438 2481 minus
464 2432 704 2496 permisso
731 2431 809 2486 sit,
838 2430 946 2479 fieri
973 2429 1204 2479 licuisse'.
1253 2430 1368 2478 huic
1394 2431 1557 2478 insunt
1583 2428 1715 2476 modi
1741 2434 1878 2490 quat-

274 2510 410 2550 tuor:
441 2518 466 2550 a
494 2500 653 2558 simili,
683 2516 708 2549 a
737 2502 1068 2564 consequenti,
1098 2516 1122 2548 a
1144 2501 1330 2549 maiore
1345 2500 1402 2548 ad
1432 2501 1606 2553 mimi&
1635 2513 1660 2546 a
1688 2504 1881 2546 contra-

389 2660 415 2697 3
448 2656 536 2696 eth
575 2653 595 2708 ll
635 2657 658 2695 7
693 2668 797 2706 amp
801 2654 1062 2694 hibolamB
1084 2667 1199 2695 corr.
1222 2667 1280 2693 ex
1312 2652 1619 2706 amphibolum
1658 2649 1675 2700 ΙΙ
1725 2653 1749 2691 9
1783 2650 1880 2702 qui—

275 2713 377 2753 dam
408 2715 447 2752 D
488 2713 567 2763 qui
594 2710 637 2750 B
686 2708 704 2763 Η
755 2711 805 2750 16
838 2710 1080 2750 sententiis
1110 2711 1133 2750 b
1172 2707 1192 2764 Η
1230 2711 1283 2750 27
1315 2708 1722 2761 descriptioBsed
1737 2713 1880 2758 poste-

275 2771 367 2809 rim
397 2771 413 2809 i
444 2772 659 2820 eoepuncta
690 2766 912 2818 discripto
941 2768 979 2806 R
1016 2766 1390 2817 descriptionalis
1419 2765 1469 2805 rb
1524 2762 1542 2816 ΙΙ
1589 2765 1643 2803 28
1683 2762 1729 2802 id
1761 2762 1880 2813 quod

275 2838 365 2921 anp
398 2830 477 2934 Uest
513 2825 734 2875 scriptum
774 2836 850 2862 om.
886 2822 987 2862 B'R
1049 2820 1068 2876 Η
1130 2824 1182 2862 32
1228 2822 1417 2862 licuisse
1453 2821 1623 2860 Grotius
1668 2819 1882 2858 debuisse
