1982 3230
254 108 355 161 196
729 107 1027 151 MARTIANI
1056 76 1375 152 CA13ELLAE

254 252 374 300 otior
410 250 497 299 tibi
524 249 737 298 forensis
772 248 1093 298 rabulationis
1118 234 1338 312 partibu's
1375 249 1574 313 inligata
1599 252 1752 301 aciem
1777 253 1850 302 in-

253 321 468 369 dustriae
505 318 724 367 melioris
761 317 976 375 obtudit,
1015 320 1234 369 amisisse
1268 320 1390 369 mihi
1416 321 1598 370 uideris
1635 327 1683 370 et
1705 321 1851 372 huius

251 395 502 438 matronae
528 389 843 446 memoriam,
882 394 929 438 et
953 390 1050 438 iam
1077 389 1293 439 eiusdem
1320 405 1604 454 germanam
1637 391 1851 442 uoluisse

138 467 221 509 578
252 460 459 508 nescire.
520 458 603 507 illa
628 473 839 522 namque
865 458 1009 523 parili
1037 474 1180 523 quam
1208 461 1476 509 accinctam
1504 462 1665 510 cernis
1692 462 1852 511 officio
1916 491 1918 494 -
1959 465 1962 468 ’

250 527 474 580 Παιδεία
498 530 757 586 uocitatur,·
792 530 973 578 femina
995 529 1259 579 admodum
1283 529 1503 595 locuples
1530 536 1578 580 et
1598 547 1723 595 quae
1743 531 1850 582 illas
1875 545 1896 577 5

252 598 477 648 Croesias
521 599 788 663 Dariasque
832 614 952 663 prae
997 601 1095 649 suis
1146 615 1264 664 opes
1306 615 1548 664 gazasque
1598 602 1850 667 despiciat.
1931 602 1967 626 ”

251 669 375 718 haec
411 675 582 734 utpote
607 668 908 718 talentorum
937 671 1130 719 conscia
1154 671 1204 718 in
1234 672 1452 720 omnium
1479 686 1593 720 rara
1620 686 1850 736 congres-

252 754 358 796 sus,
395 754 487 789 nec
523 740 751 803 cuiquam
786 739 927 789 facile
963 741 1207 804 primores
1243 740 1403 790 saltim
1439 740 1604 791 uultus
1639 740 1854 804 superba

255 811 565 859 committens
590 809 882 874 plerumque
916 817 1081 859 tamen
1117 810 1337 860 adhaesit
1373 812 1633 876 arrisitque
1667 826 1854 876 paupe*

252 879 418 936 ribUS‚
457 881 709 944 magisque
743 879 839 928 illis
865 895 988 944 quos
1015 886 1097 928 aut
1131 880 1339 943 pedibus
1366 881 1524 931 nudos
1552 888 1634 931 aut
1658 882 1852 930 intonso
1877 894 1918 925 10
1971 916 1982 942 -,

253 950 388 997 crine
423 950 642 1013 hispidos
692 954 774 998 aut
812 950 1030 998 sordenti
1076 952 1327 1014 conspexit
1362 950 1506 1015 pallio
1543 953 1850 1001 semitectos:
1976 963 1982 1017 q·

101 1019 464 1084 19oGdenique
490 1021 531 1069 si
555 1019 774 1068 Marcum
801 1019 1086 1069 Terentium
1122 1035 1403 1084 paucosque
1429 1020 1694 1070 Romuleos
1724 1022 1852 1070 exci-
1976 1040 1982 1087 .'

252 1090 356 1152 pias
383 1089 681 1146 consulareS‚
710 1087 1098 1154 nullus1pr0rsus
1125 1090 1218 1138 erit
1244 1093 1397 1146 diues‘,
1428 1092 1563 1139 cuius
1589 1092 1680 1138 ista
1705 1090 1855 1140 limen
1971 1092 1982 1161 ξ

140 1165 223 1206 579
254 1160 465 1208 intrarit.
528 1160 666 1208 uides
694 1160 839 1222 igitur
866 1161 1062 1223 utrique
1089 1159 1299 1209 feminae
1327 1175 1473 1224 quam
1499 1161 1614 1208 insit
1640 1160 1854 1209 fastuosa
1975 1206 1982 1211 ,

255 1226 489 1286 censura,
527 1237 692 1279 tamen
718 1235 954 1293 utraeque
979 1229 1282 1284 Mercurialis
1308 1231 1588 1285 ministrae,
1618 1244 1742 1295 quae
1766 1245 1853 1279 ue·
1877 1241 1918 1274 15
1975 1232 1982 1280 ἒ

252 1300 377 1355 niet,
423 1300 584 1348 officio
630 1306 1003 1362 praeparantur.
1096 1298 1216 1348 illud
1251 1301 1430 1364 quippe
1474 1299 1605 1364 quod
1649 1298 1851 1364 gerulae
1979 1295 1982 1304 ²

253 1367 536 1419 detulerunt
563 1369 743 1426 abacus
779 1375 1105 1432 nuncupatur,
1134 1384 1215 1418 res
1243 1369 1565 1433 depingendis
1594 1370 1852 1433 designan-

253 1438 426 1502 disque
461 1447 737 1505 opportuna
774 1438 973 1496 formis,
1013 1440 1193 1502 quippe
1229 1438 1296 1487 ibi
1331 1439 1410 1487 uel
1444 1439 1654 1488 lineares
1681 1439 1854 1488 ductus

251 1508 333 1558 uel
369 1509 634 1558 circulares
671 1507 827 1557 flexus
862 1508 942 1557 uel
980 1508 1305 1572 triangulares
1341 1509 1639 1558 arraduntur
1675 1509 1853 1557 amfra-
1919 1571 1924 1576 ·

254 1585 375 1627 ctus,
451 1579 574 1627 haec
612 1584 767 1626 totum
803 1579 929 1642 potis
974 1586 1047 1629 est
1082 1577 1317 1627 ambitum
1355 1585 1402 1626 et
1445 1580 1603 1627 circos
1637 1578 1852 1627 formare
1875 1591 1918 1623 20

253 1649 438 1705 mundi,
462 1647 817 1698 elementorum
837 1647 986 1697 facies
1006 1650 1258 1712 ipsamque
1279 1647 1667 1712 profunditatem
1684 1648 1853 1697 adum-

252 1718 400 1767 brare
425 1717 642 1768 telluris:
669 1717 861 1766 uidebis
886 1720 995 1767 istic
1023 1717 1219 1781 depingi
1246 1718 1477 1782 quicquid
1503 1716 1669 1766 uerbis
1695 1719 1856 1767 uisum

253 1803 355 1836 non
381 1788 545 1838 ualeas
572 1787 854 1851 explicare'.
883 1788 1153 1836 ‘nimirum'
1182 1789 1380 1852 inquam
1408 1789 1518 1836 ‘ista
1545 1802 1668 1851 quae
1689 1788 1856 1836 ueniet

252 1858 473 1921 Apellem
499 1857 900 1923 Polycletumque
928 1858 1252 1906 transcendit:
1299 1858 1367 1906 ita
1393 1859 1573 1921 quippe
1607 1871 1852 1906 memora-

252 1935 333 1976 tur
368 1944 513 1993 posse
551 1929 726 1996 omnia*
754 1923 970 1991 effigiare
1004 1926 1425 1991 ut‘labyrintheus
1465 1926 1717 1977 Daedalus·
1740 1941 1846 1976 eam
1870 1938 1914 1971 25

136 2003 225 2045 580
256 1998 531 2047 credendus
575 1999 642 2046 sit.
671 1999 914 2060 genuisse.
1008 2004 1056 2047 et
1095 2011 1207 2045 cum
1242 1997 1371 2045 dicto
1416 1998 1663 2060 prospicio
1701 2011 1853 2061 quan-

256 2068 368 2115 dam
389 2067 620 2116 feminam
639 2066 939 2115 luculentam
963 2067 1155 2115 radium
1176 2067 1390 2123 dextera,
1414 2066 1567 2116 altera
1593 2066 1853 2131 sphaeram

255 2136 462 2185 solidam
489 2137 797 2200 gestitantem
823 2137 1147 2200 afflictamque
1182 2135 1473 2185 laeuorsum'
1488 2136 1649 2200 peplo,
1678 2137 1729 2185 in
1754 2150 1850 2201 quo

252 2207 471 2256 siderum
512 2206 872 2269 magnitudines
917 2212 964 2253 et
997 2211 1212 2262 meatuS‚
1257 2204 1556 2254 circulorum
1592 2219 1852 2254 mensurae

255 2278 649 2340 conexionesque
673 2275 755 2324 uel
773 2275 974 2333 formae,
1003 2274 1180 2323 umbra
1206 2276 1351 2323 etiam
1372 2273 1559 2323 telluris
1585 2276 1636 2323 in
1663 2273 1851 2324 caelum
1873 2287 1915 2320 30

257 2362 452 2411 quoque
488 2346 784 2409 perueniens
825 2344 904 2394 uel
938 2344 1083 2394 lunae
1120 2343 1267 2394 orbes
1294 2360 1350 2393 ac
1388 2343 1503 2392 solis
1540 2349 1736 2393 auratos
1773 2358 1851 2392 ca-

144 2424 224 2465 581
255 2415 424 2480 liganti
448 2417 637 2465 murice
664 2414 951 2465 decolorans
986 2416 1114 2463 inter
1150 2414 1308 2463 sidera
1344 2413 1620 2463 uidebatur.
1691 2415 1854 2479 ipsum

370 2587 392 2624 1
425 2583 726 2624 fabulationis
747 2582 814 2622 Br
843 2582 1149 2623 rabulationis
1178 2582 1241 2622 bR
1286 2578 1307 2635 [l
1353 2580 1564 2632 pastibus
1591 2579 1633 2619 B
1669 2576 1690 2632 ΙΙ
1738 2578 1853 2637 alle·

258 2644 371 2692 gata.
401 2637 462 2679 B¹
509 2637 528 2694 Η
577 2642 602 2681 3
634 2639 889 2679 matroniae
920 2639 958 2678 R
1005 2634 1024 2691 Η
1073 2640 1098 2678 5
1128 2637 1263 2691 pedia
1294 2636 1376 2676 BR
1422 2633 1441 2689 ΙΙ
1487 2637 1513 2676 8
1545 2634 1707 2676 saltem
1734 2633 1777 2672 B

260 2698 311 2736 12
341 2697 612 2736 terrentium
631 2696 670 2735 R
744 2697 795 2735 13
827 2694 957 2734 diues
978 2695 1128 2734 addidi
1161 2691 1180 2746 Η
1219 2695 1278 2734 ad
1298 2693 1426 2732 cuius
1446 2692 1545 2732 add.
1567 2704 1595 2743 q
1612 2690 1745 2730 istius
1765 2703 1790 2729 r

261 2753 313 2792 18
335 2754 561 2804 oportuna,
581 2751 663 2791 BR
763 2753 812 2791 19
835 2750 1072 2792 anfractus
1094 2749 1132 2788 R
1170 2747 1189 2801 Π
1227 2750 1281 2789 20
1300 2749 1417 2788 haee
1436 2747 1592 2798 scripsi
1619 2745 1693 2786 hic
1712 2744 1794 2785 BR

257 2808 313 2845 22
343 2807 420 2846 hic
447 2808 485 2847 R
532 2804 555 2861 ss
599 2808 750 2846 uisum
770 2806 812 2845 B
845 2809 890 2846 et
919 2806 1021 2846 uisa.
1041 2805 1064 2845 b
1094 2805 1198 2845 uisu
1216 2805 1255 2845 R
1301 2801 1320 2856 ΙΙ
1367 2804 1423 2843 24
1453 2800 1667 2854 appellen
1695 2800 1777 2842 BR

259 2861 617 2915 polyclitumque
637 2860 737 2902 B¹R
775 2859 796 2915 [Ι
833 2863 886 2902 25
916 2860 1170 2913 labyrintus
1191 2860 1271 2901 BR
1299 2858 1582 2910 labyrinteus
1613 2857 1635 2898 b
1675 2853 1695 2910 [Ι
