1982 3230
265 91 376 144 296
577 80 582 84 '
750 90 1052 144 MARTIANI
1081 93 1402 135 OAPELLAE

411 249 474 282 ne
500 247 734 295 superum
764 232 919 280 nostri
947 234 1142 297 capiant
1168 224 1359 283 fastidia
1387 242 1556 285 coetus

413 308 462 351 et
487 308 629 351 uetus
656 302 895 366 astrigero
922 302 1077 366 pellar
1103 303 1390 354 Numeraria
1418 305 1593 355 caelo?

411 373 482 422 sic
509 374 575 421 ait
601 387 657 421 ac
685 374 899 422 reticens
925 375 1148 438 propiori
1174 374 1399 424 adiuncta
1427 378 1588 425 sorori
1616 381 1708 428 est.

847 836 1109 896 LIBER
1152 836 1311 898 VIII

688 1039 814 1106 DE
868 1040 1474 1108 ASTRONOMIA
1920 1065 1946 1098 ⁵

151 1222 236 1262 803

109 1277 248 1318 2706
413 1242 548 1300 Quae
587 1244 700 1293 dum
740 1252 981 1308 geruntur
1021 1252 1069 1295 et
1116 1246 1318 1294 deorum
1362 1261 1501 1296 sacer
1537 1251 1734 1295 senatus
1769 1245 1877 1294 illos

267 1328 590 1362 numerorum
657 1317 1019 1365 concinentium
1072 1317 1554 1380 repugnantiumque
1605 1312 1877 1366 admiratur

265 1384 517 1432 anfractus
538 1386 794 1449 ipsamque
822 1387 1050 1434 feminam
1073 1386 1281 1451 quadam
1311 1386 1607 1435 uenerabilis
1635 1385 1875 1436 excellen-
1899 1383 1905 1387 ’

265 1454 363 1502 tiae
400 1453 687 1503 celsitudine
722 1457 1052 1505 reuerendam
1091 1471 1189 1504 non
1229 1471 1418 1504 cassum
1449 1463 1702 1520 parentem
1728 1472 1873 1521 supe-

262 1538 377 1572 rum
426 1525 665 1573 creditam
704 1528 1042 1589 recognoscit,
1094 1526 1351 1575 multitudo
1387 1529 1531 1575 etiam
1571 1542 1695 1591 quae
1738 1528 1869 1577 iuxta
1894 1542 1946 1574 ιο

265 1596 553 1643 constiterat
590 1597 879 1659 sapientium
910 1597 1302 1660 praesertimque
1329 1597 1632 1661 Pythagoras
1659 1612 1769 1645 cum
1796 1611 1872 1645 se-

265 1665 535 1713 ctatoribus
563 1668 753 1714 cunctis
780 1665 1017 1730 Platoque
1057 1666 1242 1715 Timaei
1281 1668 1354 1715 sui
1393 1666 1601 1730 caligosa
1631 1667 1871 1715 discrimi-

264 1750 388 1782 nans
415 1737 607 1784 arcanis
636 1751 742 1784 eam
772 1735 1000 1786 laudibus
1026 1743 1342 1793 uenerantur,
1382 1744 1745 1802 nupturamque
1772 1738 1872 1785 uir-

264 1806 430 1868 ginem
476 1807 672 1870 saepius
711 1801 1116 1870 ¹conspicabunda
1155 1806 1315 1856 Pallas
1353 1808 1468 1869 quid
1504 1822 1654 1871 super
1699 1806 1872 1856 dotalis

264 1875 538 1924 eruditione
577 1877 786 1926 feminae
826 1877 1175 1941 comprobaret
1212 1878 1421 1942 exquirit
1459 1884 1506 1926 et
1538 1879 1641 1941 ipsa
1693 1884 1864 1926 nutum
1894 1895 1936 1929 15

261 1945 549 1994 admirantis
580 1947 859 2003 adsocianS,
890 1947 1132 2012 Cyllenius
1161 1955 1319 1996 autem
1362 1947 1546 2012 nullius*
1577 1949 1731 2011 magis
1767 1947 1869 1996 alu-

259 2030 407 2064 mnae
434 2015 696 2078 splendore
724 2033 779 2065 ac
806 2017 1068 2066 luculentia
1107 2017 1342 2081 gloriatus
1376 2018 1521 2066 huius
1566 2033 1618 2067 se
1662 2018 1871 2067 feminae

261 2085 428 2134 euehit
453 2087 749 2149 granditate:
803 2089 872 2136 sic
899 2087 1100 2136 Phoebo
1138 2087 1323 2137 diutule
1361 2087 1503 2136 aliam
1541 2087 1771 2137 dotalium
1798 2089 1870 2136 in-

257 2156 536 2205 tromittere
571 2164 876 2212 remorante,
915 2173 977 2206 ne
1003 2159 1182 2220 prioris
1210 2172 1422 2221 propere
1451 2158 1707 2206 admiratio
1733 2157 1868 2206 labe-

373 2325 398 2363 3
430 2323 620 2363 riticens
650 2324 688 2363 R
736 2321 755 2377 [J
803 2325 1029 2376 propriori
1059 2323 1174 2364 B¹R¹
1225 2322 1243 2378 Η
1302 2328 1372 2364 est
1402 2338 1478 2365 om.
1511 2324 1564 2364 R¹
1614 2321 1632 2378 Η
1681 2324 1865 2364 subscri-

253 2384 374 2431 ptum
395 2377 691 2420 ΜΛΗΤΙΛΝΙ
710 2380 931 2421 ΜΙΝΝΕΙ
950 2380 1193 2421 FELICIS
1218 2378 1533 2421 OAPELLAE
1557 2381 1639 2420 DE
1661 2378 1868 2420 ARITH-

257 2433 491 2475 ΜΕΤΙΟΛ
533 2433 922 2487 (ARITMETICA
962 2436 1022 2490 B)
1065 2437 1247 2477 LIBER
1293 2438 1439 2476 ·V11·
1487 2436 1780 2477 EXPLICIT
1823 2438 1876 2476 in-

257 2490 343 2531 BR
371 2490 390 2545 Η
416 2493 663 2545 inscriptum
682 2491 913 2533 INCIPIT
937 2494 1019 2533 DE
1041 2491 1424 2533 ASTROLOGIA
1447 2487 1563 2534 LIB.
1588 2492 1792 2543 (LIBER
1806 2491 1866 2543 R)

256 2546 369 2588 VIII
402 2546 749 2599 (FELICITER
779 2550 879 2591 add.
903 2548 964 2602 B)
996 2551 1039 2589 in
1059 2549 1141 2589 BR
1179 2545 1197 2602 Η
1238 2551 1291 2590 10
1323 2549 1544 2589 creditum
1567 2549 1631 2601 bR
1668 2545 1686 2601 Η
1737 2549 1869 2588 iuxta

261 2603 436 2644 Grotius
466 2604 593 2644 iussa
613 2603 695 2644 BR
734 2601 751 2658 ΙΙ
775 2606 845 2644 -11
878 2605 1155 2658 sapientium
1188 2606 1211 2645 b
1243 2607 1500 2657 sapientem
1530 2605 1572 2644 B
1604 2617 1655 2644 sa
1690 2605 1862 2644 ientum

258 2659 299 2699 R
338 2657 357 2712 Η
397 2662 649 2713 pytagoras
681 2660 763 2701 BR
802 2657 821 2714 Η
862 2662 914 2700 12
945 2662 1073 2701 timei
1094 2661 1176 2700 BR
1215 2658 1234 2714 Ι]
1273 2660 1608 2701 discrimansB
1645 2617 1685 2712 {f
1705 2661 1756 2700 13
1785 2671 1865 2698 ue·

260 2719 453 2755 neratur
481 2729 506 2755 r
553 2712 570 2769 ΙΙ
621 2717 970 2769 nuptiaramque
1002 2718 1038 2757 R
1074 2720 1404 2769 nuptaramque
1435 2731 1460 2757 r
1497 2713 1517 2770 ΙΙ
1565 2717 1617 2755 15
1657 2715 1866 2767 exquiret

254 2768 374 2811 B¹R¹
414 2768 432 2825 ΙΙ
473 2772 526 2811 16
563 2771 717 2812 nullus
746 2771 805 2810 B¹
845 2769 863 2826 ΙΙ
905 2774 956 2813 18
988 2773 1123 2813 foebo
1155 2772 1235 2812 BR
1274 2770 1279 2826 Ι
1333 2775 1384 2813 19
1404 2784 1596 2826 propere
1626 2785 1651 2811 r
1680 2776 1720 2810 et
1751 2769 1797 2823 (p
1819 2772 1866 2810 in

252 2825 364 2877 νας.)
387 2827 429 2866 Β
469 2826 519 2868 al
548 2828 763 2880 proferae
796 2830 896 2869 add.
929 2829 952 2868 b
983 2829 1167 2884 profere
1199 2829 1238 2869 R
1275 2827 1282 2882 Ι
1334 2828 1571 2868 laueretur
1593 2825 1695 2866 B¹R
1743 2823 1762 2880 Π
