1982 3230
315 78 451 121 LIIII
545 78 895 122 PRAEFATIO
927 81 993 122 IN
1021 82 1389 124 MARTIANVM
1419 66 1751 126 GAPELLAM

318 191 380 241 de
416 192 723 242 arithmetica
758 193 881 242 haec
932 195 1096 244 omnia
1133 195 1417 246 adcuratius
1452 202 1687 247 tractasse
1723 213 1850 264 quae
1891 200 1940 248 in

322 274 607 341 logistorico
630 275 711 328 illo
738 277 981 342 tetigerat.

459 361 646 410 Deinde
688 362 818 411 inter
854 377 910 412 ea
946 378 1073 427 quae
1112 363 1172 414 de
1216 364 1427 433 heptade
1462 365 1729 416 Martianus
1763 365 1934 417 docuit

317 461 368 509 p.
390 441 509 502 262,
541 443 569 494 7
598 459 669 510 sq.
707 445 965 510 leguntur,
996 463 1120 512 quae
1148 449 1209 499 de
1234 454 1378 513 partu
1403 449 1656 500 hominum
1681 464 1731 514 p.
1756 447 1878 507 263,
1905 448 1940 502 6

318 527 493 587 habet,
526 529 727 579 Grotius
758 546 867 581 cum
903 532 1050 583 Gellii
1073 533 1166 595 (111,
1193 530 1272 598 10)
1308 532 1417 583 loco
1448 534 1773 600 comparauit,
1802 535 1944 585 cuius

325 613 614 664 uniuersum
662 622 809 680 caput
845 633 904 666 ex
939 614 1174 667 Varronis
1210 626 1500 683 excerptum
1538 632 1645 669 esse
1691 619 1939 684 isagogico

324 696 694 749 hebdomadum
731 700 858 750 libro
886 702 1152 766 septenarii
1186 703 1385 752 numeri
1410 703 1762 767 praestantiam
1796 717 1944 752 enar-

320 788 478 832 ratam
506 789 552 834 et
589 783 686 833 ‘bis
721 792 909 849 septem
936 787 1330 852 coryphaeorum
1356 788 1622 851 imagines’
1660 787 1934 852 descriptas

321 866 560 932 conplexo
589 867 865 920 docuerunt
884 871 936 920 L.
958 870 1255 921 Mercklinus
1285 871 1627 934 (animaduers.
1652 872 1712 921 de
1733 873 1941 922 Varron.

322 950 738 1010 hebdomadibus,
776 954 979 1019 Dorpati
1008 953 1182 1017 1857).
1199 962 1246 1005 et
1281 955 1335 1005 F.
1363 955 1660 1006 Ritschelius
1692 956 1935 1021 (epimetr.

323 1037 500 1101 disput.
545 1038 605 1087 de
640 1038 703 1087 M.
740 1040 882 1088 Varr.
917 1038 1148 1089 hebdom.
1187 1038 1333 1096 libris
1367 1040 1570 1090 Bonnae
1610 1037 1762 1090 1858.
1827 1038 1941 1090 coll.

320 1121 430 1171 eod.
459 1137 583 1171 muS.
611 1121 837 1172 Rhenani
863 1123 924 1172 VI
959 1139 1006 1188 p.
1030 1120 1134 1174 513
1158 1138 1231 1189 sq.
1260 1130 1307 1174 et
1331 1123 1432 1173 ind.
1462 1123 1617 1173 schol.
1647 1123 1804 1173 Bonn.
1830 1123 1932 1174 hib.

324 1203 619 1263 1856—57,
647 1221 694 1270 p.
723 1207 797 1271 4).
874 1209 1022 1271 igitur
1059 1208 1259 1258 Grotius
1294 1207 1437 1258 Gellii
1475 1208 1597 1258 haec
1635 1207 1792 1259 uerba
1826 1207 1932 1258 lau·

320 1290 456 1339 dauit
492 1290 653 1340 ‘illam
680 1306 879 1357 quoque
917 1293 1020 1342 uim
1048 1293 1192 1343 huius
1228 1292 1420 1342 numeri
1448 1291 1762 1352 obseruatam
1786 1291 1944 1343 refert

323 1375 453 1439 quod
490 1381 602 1424 ante
637 1390 858 1426 mensem
895 1378 1158 1441 septimum
1197 1392 1357 1441 neque
1396 1375 1643 1428 masculus
1684 1391 1846 1442 neque
1873 1377 1943 1426 fe-

227 1484 230 1486 >
324 1458 456 1508 mina
484 1459 747 1509 salubriter
788 1476 845 1510 ac
875 1461 1147 1511 secundum
1174 1467 1399 1510 naturam
1430 1461 1566 1510 nasci
1594 1462 1798 1525 potest.'
1861 1460 1946 1510 de-

323 1543 438 1617 inde
465 1559 576 1593 cum
605 1544 873 1595 Martianus
901 1545 1031 1594 dicat
1066 1544 1265 1604 ‘dehinc
1292 1544 1513 1608 paruulis
1539 1560 1710 1595 mense
1736 1545 1947 1610 septimo

329 1628 499 1678 dentes
537 1634 818 1693 emergunt,
868 1644 926 1679 ac
966 1629 1172 1693 septimo
1212 1643 1342 1678 anno
1386 1635 1666 1686 mutantur;
1711 1630 1836 1678 -item
1870 1643 1945 1679 se-

324 1713 485 1763 cunda
524 1712 799 1764 hebdomas
827 1713 1145 1779 pubertatem
1181 1718 1350 1763 mouet
1375 1712 1705 1778 gignendique
1738 1711 1949 1779 possibi-

326 1797 541 1848 litatem'
584 1797 726 1847 Gellii
761 1799 1068 1847 Varroniana
1107 1804 1211 1847 arte
1262 1803 1543 1861 congruunt
1578 1798 1703 1847 haec
1746 1797 1950 1847 ‘dentes

325 1896 524 1948 quoque
546 1889 594 1931 et
614 1884 663 1931 in
690 1888 881 1947 septem
907 1881 1162 1931 mensibus
1186 1882 1363 1946 primis
1393 1886 1441 1931 et
1466 1887 1702 1947 septenos
1727 1896 1788 1932 ex
1813 1886 1949 1931 utra·

330 1981 427 2030 que
451 1973 591 2030 parte
618 1967 751 2030 gigni
777 1968 891 2015 ait’.
969 1981 1094 2031 quae
1121 1970 1358 2015 secuntur
1384 1971 1438 2015 ut
1464 1971 1513 2016 et
1537 1967 1642 2031 ipsa
1669 1971 1945 2030 congruant

329 2050 537 2117 palmari
572 2048 914 2100 emendatione
953 2050 1111 2099 effecit
1137 2049 1173 2097 F
1181 2088 1190 2097 .
1220 2049 1381 2098 Astius
1421 2049 1689 2113 (animadu.
1715 2049 1778 2099 ad
1802 2049 1948 2099 theo-

295 2132 591 2197 .}ogumena
625 2133 884 2183 Arithmet.
921 2149 970 2197 p.
1012 2131 1141 2198 183)
1167 2131 1309 2186 Gellii
1348 2132 1513 2182 locum
1548 2134 1619 2182 sic
1653 2133 1948 2183 restituens:

328 2221 406 2266 ‘et
439 2220 648 2279 inquiner
684 2218 881 2267 adnasci
925 2218 1063 2267 annis
1100 2218 1203 2267 sere
1241 2216 1317 2269 bis
1361 2217 1578 2281 septenis
1592 2219 1626 2267 '.
1662 2246 1720 2254 --
1765 2222 1868 2266 tum
1905 2217 1948 2267 si

327 2302 483 2351 Varro
520 2302 647 2380 apud
687 2301 899 2353 Gellium
944 2302 1066 2352 baec
1102 2302 1219 2351 dicit
1258 2301 1546 2365 ‘praeterea
1593 2299 1767 2351 scribit
1798 2299 1950 2352 lunae

327 2385 632 2436 curriculum
655 2388 828 2436 confici
847 2388 1049 2451 integris
1070 2392 1243 2450 quater
1263 2385 1477 2450 septenis
1499 2384 1689 2435 diebus
1730 2399 1844 2435 nam
1864 2383 1947 2434 die

330 2470 741 2521 duodetricesimo
758 2470 908 2537 luna,
947 2472 1116 2535 inquit,
1147 2484 1208 2518 ex
1235 2484 1333 2534 quo
1370 2469 1578 2533 uestigio
1605 2467 1828 2534 profecta
1855 2472 1952 2526 est.

333 2556 509 2618 eodem
537 2555 686 2605 redit:
715 2561 1068 2620 auctoremque
1096 2554 1341 2618 opinionis
1368 2553 1514 2603 huius
1540 2552 1802 2604 Aristidem
1828 2565 1937 2602 esse

330 2640 564 2697 Samium,
592 2642 644 2689 in
665 2655 759 2706 qua
778 2656 834 2689 re
860 2654 960 2689 non
985 2639 1035 2688 id
1061 2636 1220 2687 solum
1246 2636 1574 2688 animaduerti
1599 2635 1783 2687 debere
1803 2634 1940 2691 dicit,

329 2725 461 2788 quod
488 2731 659 2789 quater
688 2725 902 2789 septenis
927 2723 977 2774 id
1005 2730 1078 2785 est
1103 2728 1214 2771 octo
1242 2727 1290 2771 et
1321 2722 1496 2785 uiginti
1521 2721 1696 2771 diebus
1726 2719 1939 2771 confice-

331 2813 409 2856 ret
432 2809 528 2858 iter
554 2808 670 2858 luna
696 2824 866 2866 suum,
894 2807 981 2858 sed
1007 2805 1139 2874 quod
1174 2808 1215 2855 is
1249 2819 1483 2856 numerus
1515 2804 1849 2871 septenarius,
1897 2802 1942 2852 si
