1982 3230
302 112 408 165 222
643 82 652 86 ’
779 113 1080 155 MARTIANI
1109 112 1429 156 cAPELLAE
1932 0 1982 170 1

304 255 489 309 stadiis,
517 269 545 303 a
570 268 763 302 summa
790 267 918 311 arce,
947 267 1072 317 quae
1093 254 1690 315 dicitursAcrocorinthoS,
1716 263 1908 309 utrum-

306 342 400 391 que
437 338 574 373 mare
615 330 958 388 prospectans,
1033 323 1093 373 ab
1128 324 1312 376 Isthmo
1348 332 1511 376 autem
1545 327 1758 378 Achaiae
1792 343 1909 394 pro-

305 396 496 444 uinciae
523 408 704 443 nomen
729 394 914 458 incipit,
944 409 1069 458 quae
1095 402 1208 445 ante
1227 396 1452 459 Aegialos
1477 397 1764 456 uocabatur,
1790 413 1909 464 pro-

302 470 415 530 pter
449 463 602 514 urbes
637 464 687 513 in
722 462 868 513 litore
903 478 995 527 per
1029 465 1254 515 ordinem
1290 469 1592 518 constitutas.
1665 467 1735 518 ibi
1759 484 1908 535 quam

302 535 473 600 plures
509 535 645 584 sinus
690 540 864 598 portus
899 540 1093 585 montes
1127 535 1278 586 urbes
1315 543 1364 586 et
1397 537 1579 602 populi.
1656 538 1716 588 ab
1754 539 1907 604 ipsius
1948 549 1978 584 a

301 605 523 655 Isthmon
557 606 794 669 angustiis
819 604 984 654 Hellas
1016 606 1208 669 incipit,
1245 621 1272 655 a
1308 610 1491 658 nostris
1518 608 1724 658 Graecia
1762 609 1905 659 dicta.

190 689 271 731 653
302 677 353 725 in
380 691 436 725 ea
462 677 622 740 prima
647 676 805 724 Attice
831 677 1098 740 antiquitus
1123 677 1241 726 Acte
1275 678 1487 728 uocitata
1515 680 1756 742 contingit
1780 679 1908 729 Isth-

301 761 439 797 mum
465 747 542 795 sui
577 751 718 809 parte
744 745 957 809 Megaris
993 746 1145 804 dicta,
1183 748 1233 798 in
1268 762 1354 797 ora
1392 754 1555 799 autem
1594 755 1792 813 portuS‚
1830 750 1909 799 cui

301 831 486 866 nomen
513 815 739 864 Scironia
776 815 919 874 saxa‘,
953 812 1166 884 [uiginti]
1197 831 1282 867 sex
1306 817 1627 883 longitudine,
1655 819 1908 869 latitudine

303 887 520 952 quinque
566 884 765 935 milibus
810 900 1044 950 passuum
1078 886 1270 951 Myrtoo
1309 889 1655 939 recedentibus
1688 889 1908 939 Athenae
1931 900 1982 933 ιον

303 963 448 1021 atque
474 957 646 1006 Attica.
723 955 884 1005 fontes
909 955 979 1005 ibi
1003 955 1159 1014 multi,
1185 958 1316 1007 inter
1341 974 1464 1023 quos
1492 959 1736 1010 Callirhoe
1760 973 1906 1023 prae-

305 1027 512 1076 dicatur.
586 1040 679 1075 nec
705 1025 907 1075 Athenis
944 1027 1126 1076 cedunt
1150 1027 1372 1085 Boetiae‚
1410 1029 1460 1077 in
1497 1030 1604 1094 quis
1645 1029 1905 1094 Epicrene,

303 1097 544 1147 Arethusa
580 1096 897 1161 Hippocrene
922 1097 1177 1161 Aganippe
1213 1097 1503 1162 Gargaphie.
1578 1106 1691 1164 post
1726 1099 1905 1164 oppida

302 1175 497 1217 montes
521 1166 790 1231 populique
814 1182 962 1231 quam
988 1166 1172 1232 plureS.
1850 1196 1853 1197 ν

189 1243 272 1283 654
446 1238 678 1302 Sequitur
702 1238 963 1295 Aemonia,
1002 1238 1141 1287 cuius
1168 1253 1195 1287 a
1220 1243 1361 1302 tergo
1398 1253 1539 1289 mons
1567 1238 1711 1295 Oeta,
1754 1253 1908 1304 eaque
1931 1249 1980 1282 1⁵

150 1317 281 1359 2116
302 1309 449 1357 etiam
474 1306 730 1356 Thessalia
755 1312 1086 1372 nuncupatur.
1160 1307 1228 1356 ibi
1254 1315 1398 1358 natus
1422 1324 1511 1358 rex
1535 1311 1735 1359 nomine
1755 1310 1908 1360 Grae-

304 1393 404 1434 cuS,
434 1392 458 1426 a
489 1391 586 1442 quo
613 1377 820 1426 Graecia
847 1377 990 1426 dicta.
1065 1376 1135 1425 ibi
1160 1377 1357 1435 Hellen,
1387 1394 1414 1427 a
1441 1394 1537 1443 quo
1563 1379 1794 1429 Hellenes
1820 1393 1904 1443 ap·

300 1446 481 1512 pellati.
558 1448 610 1495 in
650 1446 903 1496 Thessalia
939 1453 1133 1496 montes
1179 1448 1421 1497 notissimi
1463 1448 1699 1513 Olympus
1733 1448 1899 1499 Pelius

303 1518 439 1574 Ossa,
469 1517 609 1566 cuius
637 1531 696 1565 ex
721 1515 931 1566 aduerso
950 1516 1134 1566 Pindus
1154 1522 1202 1566 et
1221 1517 1402 1582 Othrys
1422 1518 1741 1583 Lapitharum
1762 1518 1905 1569 sedes

302 1602 531 1638 occasum
565 1585 837 1636 uerticibus
868 1588 1132 1636 intuentes
1207 1601 1322 1636 nam
1359 1594 1524 1636 ortum
1548 1587 1712 1638 Pelius
1746 1588 1900 1638 uidet.
1926 1598 1977 1632 20

301 1659 353 1706 hi
381 1671 552 1706 omnes
577 1662 770 1706 montes
793 1655 1023 1706 theatrali
1049 1671 1188 1706 more
1214 1663 1505 1715 curuantur,
1535 1665 1648 1708 ante
1675 1674 1799 1724 quos
1825 1674 1904 1709 se-

301 1729 553 1792 ptuaginta
589 1727 805 1792 quinque
848 1726 998 1777 urbes
1034 1733 1147 1776 sunt
1189 1728 1554 1777 memorandae.
1619 1728 1902 1779 Thessaliae

414 1897 438 1946 ἓ
469 1897 552 1936 653
592 1908 648 1935 ex
676 1894 828 1935 Plinio
860 1894 953 1935 1111
982 1896 1149 1936 23-25
1195 1892 1219 1949 fl
1265 1897 1289 1944 ξ
1321 1895 1403 1936 654
1443 1908 1498 1936 ex
1527 1895 1678 1938 Plinio
1708 1895 1803 1938 1111
1832 1897 1905 1950 28,

303 1958 371 2005 30,
395 1956 448 1995 32
482 1956 528 1992 et
559 1951 715 1992 Solino
747 1965 789 2004 p.
813 1951 882 2002 69,
908 1952 960 1992 17
993 1950 1095 2003 (sed
1119 1952 1177 1994 cf.
1200 1951 1525 2004 Mommsenus)

415 2124 437 2161 1
471 2117 646 2162 estadis
666 2118 748 2158 RB
781 2118 979 2158 estadiss
1009 2119 1032 2159 b
1080 2115 1101 2172 Η
1149 2119 1499 2172 agrocorinthos
1520 2120 1559 2160 R
1590 2120 1903 2173 agrocorintos

297 2178 341 2220 B
373 2176 684 2219 acroeorintos
715 2174 738 2214 b
789 2170 808 2227 ΙΙ
856 2176 881 2214 2
919 2174 1065 2214 hismo
1095 2174 1179 2214 BR
1217 2174 1383 2215 histmo
1414 2175 1437 2215 b
1495 2172 1515 2229 ΙΙ
1572 2175 1734 2216 acaiae
1763 2175 1846 2216 BR
1886 2173 1904 2230 ΙΙ

301 2232 479 2288 egialos
500 2231 543 2272 B
576 2230 720 2272 eialos
741 2231 779 2270 R
826 2226 845 2284 [l
894 2231 920 2271 5
956 2229 1083 2282 popli
1102 2228 1203 2270 B¹R
1250 2227 1269 2284 Η
1318 2231 1344 2269 6
1374 2230 1574 2270 isthmou
1597 2231 1768 2271 Grotius
1803 2230 1902 2271 his-

299 2303 395 2331 mos
417 2291 456 2331 R
485 2300 582 2329 mos
602 2286 644 2327 B
673 2289 811 2326 ismos
838 2286 862 2326 b
902 2283 921 2339 ΙΙ
962 2285 1077 2326 enas
1099 2285 1181 2326 BR
1219 2281 1240 2340 Π
1277 2286 1495 2338 graeciae
1518 2285 1618 2326 B¹R
1656 2282 1675 2340 [Ι
1722 2288 1748 2327 7
1778 2287 1899 2328 atice

298 2347 337 2387 R
372 2342 392 2400 Η
429 2348 526 2386 atte
547 2343 628 2384 BR
661 2339 681 2396 11
719 2342 914 2382 hismum
934 2342 1017 2382 BR
1044 2338 1062 2395 [Ι
1089 2343 1115 2382 8
1147 2341 1218 2381 sui
1239 2345 1417 2394 partem
1439 2343 1730 2395 megatitana
1750 2342 1799 2382 in
1819 2355 1901 2384 ora

298 2403 337 2443 R
365 2402 652 2455 megatitana
672 2399 744 2439 sui
763 2402 897 2450 parte
921 2397 1118 2450 (partem
1137 2396 1221 2448 B¹)
1250 2398 1292 2437 B
1330 2394 1351 2452 Η
1384 2400 1409 2438 9
1440 2398 1526 2438 ΧΧ
1555 2411 1615 2439 ex
1634 2399 1904 2440 antecedenti

298 2471 413 2499 saxa
435 2463 571 2500 ortum
597 2456 736 2497 deleui
747 2467 762 2494 .·
791 2455 853 2496 VI
863 2455 1027 2494 Plinius
1047 2450 1066 2508 ΙΙ
1087 2455 1219 2494 Plinii
1236 2455 1486 2494 sententiam
1506 2457 1611 2494 male
1640 2459 1900 2495 contractam

298 2528 463 2568 pessum
490 2514 608 2554 dedit
638 2511 885 2551 Martianus
921 2507 943 2563 ss
987 2509 1233 2550 latitudine
1263 2523 1338 2551 om.
1360 2509 1404 2550 B
1426 2511 1527 2553 add.
1548 2510 1618 2551 Rm
1651 2507 1666 2563 Η
1698 2511 1750 2551 10
1779 2522 1899 2560 myr-

297 2574 346 2612 to
366 2570 409 2611 B
438 2581 564 2622 myro
585 2568 624 2609 R
660 2570 835 2620 myrote
857 2579 982 2606 mare
1009 2579 1034 2606 r
1085 2563 1092 2619 l
1131 2566 1359 2606 athaenae
1379 2565 1423 2605 B
1459 2562 1479 2619 Η
1520 2567 1570 2606 11
1604 2565 1780 2606 atticae
1801 2564 1844 2604 B
1879 2563 1885 2616 Ι

298 2629 350 2668 12
382 2626 546 2680 quibus
574 2625 598 2665 b
637 2620 657 2678 ss
697 2625 748 2665 13
771 2621 966 2664 'aretusa
984 2623 1027 2663 B
1062 2619 1070 2676 Ι
1119 2623 1366 2675 ippocrene
1387 2621 1468 2662 BR
1497 2618 1512 2676 ΙΙ
1546 2622 1742 2675 gargani
1761 2620 1845 2661 BR

299 2685 353 2723 14
390 2682 675 2735 populusque
715 2679 816 2720 B¹R
861 2676 882 2733 Η
930 2679 983 2719 15
1023 2679 1203 2719 emonia
1239 2678 1321 2719 BR
1378 2674 1402 2732 ss
1446 2679 1499 2718 16
1538 2676 1732 2718 tessalia
1761 2675 1844 2717 BR
1880 2675 1886 2730 Ι

298 2741 349 2779 17
383 2738 495 2779 elles
526 2737 608 2778 BR
652 2733 673 2791 Η
721 2734 896 2776 ellenes
926 2734 1007 2775 BR
1043 2730 1065 2788 Η
1115 2737 1166 2776 18
1195 2734 1398 2775 thesalia
1426 2733 1508 2774 BR
1544 2730 1559 2785 ΙΙ
1594 2733 1766 2786 pierius
1786 2732 1825 2773 R
1854 2737 1898 2772 et

298 2808 411 2835 corr.
445 2797 487 2834 in
515 2793 664 2847 pelius
692 2792 735 2833 B
773 2791 822 2832 al
848 2791 1023 2844 pierius
1053 2792 1153 2832 add.
1189 2790 1213 2831 b
1259 2788 1278 2844 ΙΙ
1330 2792 1381 2830 19
1413 2790 1525 2830 otris
1555 2788 1598 2828 B
1635 2792 1761 2842 otrys
1783 2789 1822 2830 R
1857 2785 1885 2842 [1

297 2849 554 2902 lapidarum
574 2849 617 2888 B
646 2848 895 2902 lapitarum
914 2847 939 2888 b
968 2846 1250 2900 laphitarum
1270 2848 1309 2887 R
1340 2842 1361 2899 Η
1399 2847 1450 2886 21
1482 2845 1548 2886 hii
1569 2845 1591 2884 b
1639 2841 1653 2897 ss
