1982 3230
211 801 292 840 139

322 230 492 278 sertim
542 228 720 278 Vrania
771 227 1082 292 Calliopeque
1117 228 1375 277 innumera
1410 229 1598 292 gremio
1634 243 1928 293 congessere
1962 154 1982 247 l

322 298 592 348 uolumina.
651 299 700 347 in
734 297 837 347 aliis
872 299 1053 364 quippe
1089 298 1342 348 distinctae
1388 298 1447 347 ad
1483 305 1652 348 tonum
1690 314 1747 349 ac
1772 288 1973 350 dedus..

324 375 430 419 ctae
468 370 674 432 paginae
724 370 773 418 in
818 368 922 418 aliis
956 367 1126 418 circuli
1169 368 1424 434 lineaeque
1466 369 1926 436 hemisphaeriaque

324 453 436 488 cum
472 441 681 503 trigonis
721 447 770 488 et
805 439 1054 503 quadratis
1089 439 1534 503 multiangulaeque
1579 441 1766 491 formae
1809 456 1920 506 pro-

324 510 686 559 theorematum
713 509 793 559 uel
820 510 1490 560 elementorumvdiuersitate
1525 511 1780 562 formatae.
1838 512 1920 562 de·

322 581 441 629 hinc
476 582 669 644 pictura
705 581 983 630 animalium
1035 580 1257 630 membra
1306 580 1626 644 multigenum
1676 583 1725 630 in
1776 597 1920 632 unam

324 652 538 714 speciem
601 650 937 714 complicabat.
1014 659 1152 701 erant
1197 653 1340 701 etiam
1377 651 1514 709 libri,
1563 653 1646 716 qui
1689 667 1921 703 sonorum

323 720 451 771 mela
498 723 733 786 signaque
769 737 1091 772 numerorum
1130 728 1177 771 et
1213 723 1439 771 cantandi
1489 723 1726 786 quaedam
1772 738 1922 787 opera

323 791 686 857 praeferebant.
755 802 1013 858 postquam
1038 794 1186 856 igitur
1212 791 1380 858 illam>
1404 792 1796 843 bibliothecalem
1841 809 1922 844 co-

322 863 454 926 piam
482 864 594 912 nixa
620 864 787 912 imitus
813 865 953 928 uirgo
981 863 1188 920 diffudit,
1228 863 1461 911 exhausto
1488 862 1674 929 pallore
1703 863 1927 914 confecta
1944 878 1982 910 m

318 86 396 138 40
737 52 739 62 ¹
803 86 1104 148 MARTJANI
1125 84 1447 128 cAPELLAE

183 943 241 980 36
263 941 297 982 G
326 934 617 983 Athanasiae
644 949 804 997 opem,
834 950 957 998 quae
985 935 1103 982 tanti
1128 932 1310 982 laboris
1337 936 1530 983 conscia
1557 935 1729 990 fuerat,
1757 940 1923 999 postu·

324 1003 459 1053 lauit.
511 1010 615 1053 tum
644 1003 723 1054 illa
752 1006 826 1053 ‘ut
851 1005 1082 1054 refectior
1110 1003 1296 1053 caelum
1333 1003 1652 1068 sublimisque
1687 1019 1922 1056 conscen-

212 1083 294 1122 140
326 1075 427 1132 daS‚
478 1074 572 1124 hoc
608 1073 696 1123 tibi
732 1076 900 1138 accipe
927 1074 1316 1124 sorbillandum-³
1379 1090 1435 1123 ac
1474 1082 1590 1124 tunc
1626 1075 1770 1124 matri
1793 1075 1923 1140 Apo-

212 2172 290 2210 141

325 1144 506 1202 theosi,
545 1161 668 1209 quae
696 1160 806 1194 cum
832 1145 912 1194 illa
941 1147 1065 1194 forte
1093 1151 1394 1194 conuenerat
1429 1151 1476 1194 et
1511 1146 1606 1194 iam
1640 1144 1832 1210 pridem
1854 1145 1924 1194 li-

324 1215 457 1273 brOS‚
488 1217 572 1280 qui
596 1232 655 1265 ex
669 1215 968 1279 philologiae
998 1231 1083 1265 ore
1111 1215 1432 1272 defluxerant,
1460 1231 1610 1265 manu
1636 1217 1923 1279 contingens
1945 1227 1982 1263 1⁵

325 1301 383 1335 ac
409 1286 725 1336 dinumerans
752 1286 1096 1342 consecrabat,
1126 1286 1353 1335 auferens
1389 1286 1631 1350 quandam
1671 1285 1924 1350 globosam

323 1357 687 1421 animatamque
711 1357 1060 1406 rotunditatem
1086 1358 1234 1405 sumit
1260 1372 1316 1405 ac
1350 1357 1527 1419 uirgini
1562 1358 1769 1420 porrigit
1802 1356 1924 1406 hau·
1972 1391 1974 1395 ν

323 1427 562 1476 riendam.
623 1442 798 1476 uerum
835 1429 939 1490 ipsa
976 1428 1162 1490 species
1199 1428 1279 1476 oui
1316 1428 1561 1476 interioris
1598 1428 1795 1476 crocino
1830 1427 1922 1475 cir·
1959 1460 1962 1462 v

323 1497 523 1547 cumlita
560 1499 772 1547 exterius
809 1497 1040 1546 rutilabat
1083 1513 1138 1546 ac
1180 1497 1356 1546 dehinc
1401 1496 1650 1560 perlucida
1695 1498 1924 1546 inanitate
1980 1527 1982 1530 .

323 1567 584 1632 albidoque
619 1568 827 1618 humore
863 1570 1096 1618 interiore
1132 1574 1294 1616 tamen
1343 1568 1502 1616 medio
1539 1567 1739 1616 solidior
1773 1581 1920 1633 appa·
1944 1579 1982 1613 2⁶

323 1638 478 1687 rebat.
540 1653 687 1703 quam
733 1654 844 1688 cum
883 1638 1149 1702 Philologia
1194 1639 1487 1702 susciperet,
1533 1639 1762 1703 quoniam
1812 1644 1923 1702 post
1976 1643 1979 1645 ’

324 1711 443 1758 tanti
495 1708 679 1758 laboris
729 1709 1079 1758 adflictationes
1141 1715 1400 1771 aestusque
1437 1710 1613 1758 mentis
1655 1707 1922 1772 plurimum

322 1779 529 1835 sitiebat,
557 1782 790 1829 reseratis
817 1781 919 1829 eius
953 1779 1262 1828 rotunditatis
1297 1779 1488 1828 arcanis
1522 1784 1782 1843 postquam
1815 1793 1923 1828 rem

325 1849 652 1899 dulcissimam
682 1852 922 1915 comperit
949 1856 1096 1899 totam
1124 1851 1464 1898 incunctanter
1492 1849 1713 1898 exhausit

502 1936 830 1998 continuoque
856 1949 985 1983 nouo
1013 1933 1282 1983 solidantur
1310 1933 1726 1997 membrauigore
1942 1923 1982 2001 ἐξ

498 2011 549 2069 ¹et
574 2004 841 2067 gracilenta
865 2006 992 2068 perit
1019 2005 1197 2054 macies
1221 2005 1295 2053 uis
1321 2010 1481 2053 terrea
1510 2004 1639 2054 cedit

502 2075 873 2138 aetheriumque
899 2076 1034 2123 uenit
1059 2075 1162 2123 sine
1188 2075 1360 2123 mortis
1385 2073 1576 2138 legibus
1602 2089 1794 2124 aeuum.

324 2175 499 2210 uerum
535 2159 646 2208 diua
697 2174 808 2208 cum
858 2157 1216 2207 inmortalitatis
1267 2171 1371 2206 eam
1419 2157 1651 2222 poculum
1696 2163 1923 2208 cerneret

325 2229 538 2280 ebibisse
565 2244 660 2293 quo
690 2244 716 2278 e
744 2230 888 2278 terris
913 2228 1044 2277 illam
1073 2227 1261 2278 caelum
1287 2241 1496 2292 pergere
1514 2227 1923 2293 inmortalemque
1979 2280 1982 2290 ,

324 2302 502 2350 factam
528 2299 665 2349 uelut
699 2301 973 2362 aenigmate
1009 2298 1281 2348 redimiculi
1315 2298 1631 2363 perdoceret,
1671 2314 1730 2348 ex
1767 2297 1921 2348 herba
1943 2293 1982 2344 30⁴

324 2371 537 2437 quadam
574 2371 807 2426 rurestri,
845 2371 924 2418 cui
969 2366 1195 2422 ἀείζωον
1232 2368 1526 2418 uocabulum
1554 2375 1652 2425 est,
1679 2369 1921 2432 uirginem

325 2442 584 2491 coronauit
618 2441 926 2504 praecipiens
953 2441 1138 2496 omnia,
1169 2455 1291 2504 quae
1317 2439 1475 2488 adhuc
1501 2439 1719 2489 mortalis
1745 2438 1921 2489 aduerss
1971 2456 1982 2459 ··

325 2527 432 2562 sum
479 2513 576 2560 uim
627 2525 857 2575 superam
902 2511 950 2558 in
991 2510 1290 2573 praesidium
1338 2515 1609 2574 coaptarat,
1639 2507 1920 2574 expelleret,
1975 2525 1982 2534 Α

438 2696 463 2735 8
493 2706 727 2734 numerum
748 2694 787 2734 D
822 2690 840 2747 Π
876 2695 928 2734 10
957 2692 1053 2733 nixi
1074 2693 1111 2733 R
1138 2689 1158 2746 Η
1192 2693 1345 2733 imitus
1365 2693 1585 2733 Fontanus
1614 2691 1818 2731 imitatus
1838 2689 1923 2732 BR
1977 2709 1982 2726 τ

323 2751 551 2791 undanter
574 2751 743 2791 Grotius
771 2751 987 2790 animitas
1008 2749 1154 2789 δαείη-ς
1202 2746 1221 2802 [l
1269 2751 1318 2789 11
1344 2749 1522 2789 constia
1540 2748 1579 2787 R
1625 2744 1644 2800 [Ι
1695 2748 1746 2788 13
1777 2746 1920 2787 sorbi·
1980 2792 1982 2796 Ι

325 2806 511 2846 landum
535 2806 636 2847 B¹R
675 2804 693 2860 Η
732 2808 786 2846 20
822 2818 976 2846 umore
999 2806 1035 2845 R
1083 2802 1101 2858 Η
1149 2806 1201 2844 22
1234 2804 1515 2845 adflictiones
1545 2802 1595 2842 br
1644 2800 1652 2857 Ι
1700 2804 1753 2844 23
1783 2802 1919 2844 sieie-

323 2860 410 2902 bat
430 2862 467 2902 R
495 2860 514 2916 Ι]
542 2865 591 2904 31
626 2859 845 2904 ΛΘΙΖω(
864 2861 947 2902 BR
968 2875 1125 2913 corr.p
1155 2858 1175 2915 [l
1203 2863 1255 2902 33
1289 2863 1524 2914 cooptarat
1543 2859 1586 2898 B
1970 2869 1982 2891 ·1

1959 2948 1982 2972 (Α

898 3040 913 3063 3
1963 3051 1974 3067 .‘

1349 3217 1352 3220 ⁴
1905 3216 1918 3230 *2
1929 2973 1982 3230 r]
