1982 3230
9 66 37 90 ,ἠέ

723 98 909 141 LIBER
939 97 1079 139 VIIII
1596 92 1703 147 349

92 241 380 307 appellatur.
457 255 630 291 uerum
659 246 804 289 tonus
831 246 903 290 est
928 239 1138 304 spatium
1167 253 1279 288 cum
1306 237 1521 302 legitima
1547 251 1703 302 quan-

77 313 241 369 titate,
270 314 353 377 qui
381 326 439 360 ex
466 310 658 360 duobus
685 311 818 360 sonis
844 309 1053 359 diuersis
1080 310 1208 359 inter
1235 324 1287 358 se
1314 310 1363 358 in
1394 309 1555 358 uicem
1584 322 1678 357 con

93 384 292 432 tinctur.
366 381 692 431 hemitonium
746 381 924 430 dicitur
970 380 1101 445 quod
1140 380 1241 429 toni
1287 378 1504 428 medium
1552 384 1700 434 tenet,

93 453 239 502 diesis
266 466 388 502 uero
415 451 670 501 distantiae
695 458 798 501 tres
823 457 953 500 sunt.
1003 465 1117 500 narn
1145 451 1304 513 prima
1331 448 1549 506 breuior,
1577 464 1703 514 quae

25 535 48 570 5
94 523 427 574 tetartemoria
450 523 731 571 nominatur
746 537 804 572 ex
827 537 885 571 eo
905 521 1036 586 quod
1051 526 1276 585 quartam
1299 521 1604 584 partemtoni
1623 535 1702 570 re-

90 594 251 658 cipiat.
292 593 606 642 enarmonios
631 607 828 657 quoque
849 591 1028 640 dicitur
1040 597 1303 654 propterea
1324 590 1454 655 quod
1476 604 1702 639 enarmo-

87 664 207 713 nion
218 662 503 712 modulandi
515 676 673 726 genus
684 677 772 727 per
786 662 914 711 hanc
924 662 1135 710 maxime
1147 660 1459 711 dometimur.
1487 661 1704 710 secunda

91 731 245 784 abilla
267 734 423 783 maior
438 739 536 783 est:
565 748 678 783 nam
703 733 978 782 tritemoria
1002 732 1284 781 nominatur
1300 732 1532 795 quoniam
1549 730 1699 780 habet

90 809 278 869 partem
308 806 503 854 tertiam
532 804 633 853 toni
667 804 886 868 itemque
922 802 1224 853 chromatice
1251 800 1541 867 appellatur,
1571 803 1703 867 quod

22 889 73 923 ,ιο
93 873 451 924 chromaticum
478 873 765 924 modulandi
791 889 947 938 genus
972 889 1063 938 per
1089 875 1247 938 ipsam
1274 872 1495 922 funditur
1522 871 1702 937 (tertia

88 959 209 994 uero
249 945 399 994 habet
435 947 537 994 toni
563 951 787 1010 quartam
814 951 1007 1009 partem
1046 959 1102 993 ac
1139 942 1388 993 dimidiam
1426 948 1630 1008 quartae
1658 950 1705 992 et

89 1024 295 1065 uocatur
321 1014 550 1065 hemiolia
578 1031 638 1065 ex
663 1015 951 1066 harmoniae
978 1015 1220 1064 diuisione
1247 1015 1478 1079 quoniam
1515 1013 1702 1063 hemio-

91 1084 213 1135 lium
251 1087 451 1136 modum
488 1085 699 1152 conplet.
773 1092 922 1136 tonus
959 1086 1108 1149 igitur
1134 1085 1262 1134 idem
1298 1083 1591 1150 plerumque
1618 1099 1702 1148 ap-

17 1192 19 1194 ·
89 1155 299 1219 pellatur
327 1163 375 1206 et
399 1172 568 1207 sonus.
643 1172 818 1207 uerum
845 1157 953 1206 soni
979 1162 1093 1205 sunt
1118 1169 1208 1219 per
1234 1154 1454 1219 singulos
1480 1169 1703 1219 quosque

28 1239 71 1273 15
94 1241 150 1275 ac
187 1242 278 1291 per
306 1242 478 1277 omnes
522 1234 695 1290 tropos
731 1242 940 1277 numero
977 1225 1182 1292 XV111.>
1256 1240 1468 1290 quorum
1514 1227 1704 1289 primus

95 1297 275 1347 dicitur
310 1298 438 1361 apud
465 1299 681 1348 Graecos
707 1295 1270 1361 προελαμβανόμενοε,
1297 1297 1426 1360 apud
1453 1295 1704 1346 Romanos

93 1382 216 1417 uero
238 1367 368 1417 idem
381 1367 559 1418 dicitur
580 1368 878 1432 adquisitus;
902 1368 1151 1418 secundus
1173 1364 1347 1430 ὑπάτη
1362 1364 1586 1418 ὑπάτων
1609 1366 1704 1415 hoc

93 1445 167 1487 est
185 1437 468 1503 principalis
493 1438 857 1504 principalium,
888 1453 983 1502 qua
1005 1438 1176 1488 eadem
1209 1453 1330 1487 uoce
1358 1452 1449 1486 nos
1475 1437 1544 1486 uti
1571 1452 1703 1486 sum-

92 1522 202 1557 mus
221 1509 442 1574 Iuppiter
462 1508 653 1566 statuit:
676 1510 851 1560 tertius
872 1507 1157 1573 παρυπάτη
1178 1506 1401 1560 ὑπάτων
1424 1508 1472 1556 id
1498 1513 1572 1557 est
1587 1507 1702 1557 sub-

28 1591 75 1625 πο
94 1578 381 1644 principalis
407 1579 771 1645 principalium,
799 1586 1003 1645 quartus
1030 1577 1254 1631 ὑπάτων
1282 1577 1536 1630 διάτονοε
1562 1578 1610 1627 id
1632 1584 1704 1628 est

206 1792 228 1831 1
260 1791 484 1844 spartium
512 1790 613 1832 B¹R
650 1788 669 1845 ΙΙ
717 1794 742 1833 3
775 1790 1043 1832 emitonium
1063 1790 1145 1831 BR
1185 1787 1203 1844 Η
1250 1790 1275 1830 5
1307 1791 1649 1832 tetrartemoria
1678 1791 1703 1831 'b

92 1849 391 1889 tetaremoria
419 1849 457 1889 R
495 1845 514 1901 ΙΙ
553 1849 815 1889 nominatus
856 1849 895 1889 R
940 1845 959 1902 Η
1007 1849 1032 1888 6
1074 1846 1367 1887 enarmonius
1405 1848 1443 1887 R
1492 1843 1510 1901 Η
1559 1860 1705 1889 armo-

92 1904 194 1944 nior
222 1905 260 1944 R
307 1905 598 1946 inarmonion
627 1904 677 1944 rb
726 1901 746 1958 Η
795 1906 819 1945 ’7
848 1910 949 1958 post
987 1903 1107 1944 hanc
1138 1903 1241 1944 add.
1270 1916 1450 1957 quoque
1489 1905 1513 1945 b
1561 1900 1579 1958 ΙΙ
1629 1904 1705 1944 de-

31 1987 33 1989 ·
99 1960 305 2000 mitimur
327 1962 364 2001 R
406 1957 424 2014 Η
475 1963 500 2002 9
535 1964 819 2002 cromaticae
841 1961 924 2001 BR
958 1957 978 2014 Η
1021 1962 1070 2001 10
1105 1961 1403 2000 aromaticum
1424 1959 1506 2001 BR
1545 1957 1563 2015 Η
1604 1960 1704 2001 fun·

95 2016 216 2066 ditur
244 2019 402 2070 scripsi
431 2017 615 2057 finditur
635 2017 717 2058 BR
755 2014 775 2071 ΙΙ
812 2017 997 2058 tertiam
1029 2022 1070 2057 et
1093 2018 1245 2057 deinde
1277 2017 1447 2058 tertiae
1478 2017 1560 2058 BR
1589 2031 1704 2060 corr.

94 2073 344 2114 Meibomius
392 2071 411 2127 ΙΙ
473 2076 524 2114 12
571 2074 784 2114 emioliae
825 2073 1122 2115 enarmoniae
1161 2072 1400 2114 diuisionis
1439 2073 1482 2113 B
1530 2074 1703 2115 hemio-

92 2128 159 2170 lia
190 2133 237 2170 et
274 2129 542 2171 harmoniae
575 2130 743 2171 diuisio
774 2131 815 2170 D
868 2143 923 2170 ex
951 2130 1215 2171 harmoniae
1256 2130 1485 2171 diuisione
1516 2131 1705 2172 Ioannes

97 2185 269 2227 Grotius
301 2186 358 2227 ab
390 2186 658 2228 harmoniae
691 2186 922 2228 diuisione
953 2186 1208 2227 Meibomius
1256 2183 1275 2241 Η
1302 2186 1567 2229 hemiolium
1588 2188 1703 2228 Mei-

94 2242 251 2283 bomius
283 2242 454 2284 emiolii
484 2243 526 2283 B
569 2243 778 2285 hemiolii
797 2245 839 2284 D
878 2240 898 2296 ΙΙ
949 2245 1001 2284 14
1032 2244 1136 2284 soni
1163 2256 1273 2284 uero
1303 2245 1349 2283 in
1377 2257 1466 2287 ras,
1492 2245 1516 2285 b
1546 2256 1705 2284 uerum

92 2299 196 2340 add.
228 2299 252 2339 b
301 2311 412 2340 uero
443 2302 546 2341 soni
575 2302 616 2341 D
673 2297 692 2355 ΙΙ
752 2302 804 2342 16
847 2296 1501 2342 ΠΡΟΕΑΑο)ΒΑΝΟ(ΟΕΝΟΕ
1537 2301 1620 2341 BR
1668 2297 1687 2355 ΙΙ

95 2356 147 2395 17
180 2358 319 2407 ypate
351 2360 517 2409 spaton
547 2357 586 2397 R
623 2360 765 2410 ypate
796 2361 969 2411 ypaton
1000 2357 1042 2396 B
1089 2354 1109 2411 Η
1168 2358 1220 2398 18
1250 2363 1351 2410 post
1379 2357 1705 2409 principalium

9 2428 11 2430 ·
90 2412 322 2451 inserenda
350 2413 555 2454 uocabula
584 2424 676 2465 qua
709 2413 871 2454 eadem
900 2426 1014 2454 uoce
1044 2414 1114 2453 uti
1144 2425 1344 2455 summus
1373 2412 1582 2466 Iuppiter
1610 2416 1704 2454 sta-

91 2467 182 2507 tuit
214 2464 339 2521 (quae
368 2469 457 2508 ita.-
488 2470 598 2522 quia
630 2468 790 2510 eadem
821 2481 937 2510 uoce
959 2482 1042 2514 nos
1073 2469 1140 2510 uti
1161 2482 1361 2510 summus
1381 2470 1592 2522 Iuppiter
1610 2474 1705 2511 sta-

90 2524 181 2563 tuit
197 2524 398 2564 exhibent
425 2525 523 2576 BR)
553 2531 653 2578 post
674 2524 796 2578 apud
812 2525 1044 2567 Romanos
1075 2539 1185 2567 uero
1217 2528 1260 2567 in
1279 2527 1404 2568 codd.
1414 2527 1557 2578 posita
1579 2528 1703 2568 intel-

94 2581 202 2620 texit
226 2580 398 2621 Grotius
425 2578 445 2636 Η
474 2584 525 2623 19
555 2581 1096 2635 principalium—350‚3
1126 2582 1488 2636 subprincipalis
1510 2595 1588 2630 om.
1611 2583 1649 2624 R
1668 2581 1686 2638 ΙΙ

97 2637 150 2678 18
179 2637 502 2690 principalium
519 2660 574 2667 -—
591 2638 688 2688 350,
711 2641 733 2678 1
765 2637 811 2678 id
838 2642 909 2679 est
937 2638 1214 2692 principalis
1239 2653 1315 2680 om.
1337 2638 1395 2679 B¹
1418 2635 1437 2693 [l
1469 2639 1520 2680 19
1550 2637 1711 2681 ΠΛΡΙ-

93 2690 506 2736 ΠΑΤΕΥΠΑΤΟΝ
541 2695 583 2734 Β
623 2691 641 2749 Η
683 2693 727 2734 id
760 2698 828 2735 est
864 2696 901 2736 D
941 2695 989 2734 ·i·
1022 2696 1066 2735 in
1095 2708 1183 2736 ras.
1217 2695 1259 2736 B
1297 2692 1316 2748 ΙΙ
1366 2697 1422 2736 20
1451 2694 1500 2736 id
1530 2697 1702 2738 media·

94 2761 191 2790 rum
214 2755 402 2792 extenta
426 2751 466 2791 B
497 2750 518 2792 l
539 2751 864 2804 principalium
886 2753 986 2793 add.
1010 2752 1033 2791 h
1053 2748 1074 2806 [l
1104 2752 1284 2792 ‘duabus
1300 2753 1450 2803 primis
1470 2752 1702 2796 διατόνοις

92 2819 180 2847 uox
211 2806 402 2918 ὶΙιΙιχάνου
433 2809 717 2860 mmmmm,
748 2808 909 2849 duabus
937 2809 1247 2861 posterioribus
1275 2806 1570 2862 παρανήτηε’
1596 2811 1703 2852 Gro-

91 2864 174 2903 tius

1734 1161 1817 1202 931
