1982 3230
730 85 919 128 LIBER
947 84 1044 128 1111
1575 80 1675 135 125

0 154 61 190 ι’,

83 229 360 282 necessario
395 229 615 293 sequitur
653 227 928 278 conuersiO.
1003 227 1226 277 ‘sienim
1266 227 1424 276 omnis
1451 223 1678 290 uoluptas

81 302 270 352 bonum
306 314 404 349 non
439 305 534 356 est,
580 313 725 347 omne
760 297 944 347 bonum
988 312 1086 347 non
1125 305 1197 348 est
1231 297 1486 362 uoluptas'
1524 302 1571 346 et
1608 297 1679 344 ‘si

87 373 244 422 omnis
269 371 416 420 homo
441 385 542 419 non
569 375 642 419 est
661 367 844 418 animal
870 374 1083 425 mutum,
1114 384 1259 417 omne
1287 366 1465 418 animal
1491 374 1680 417 mutum

41 490 43 493 Α
86 458 183 492 non
219 447 292 492 est
324 441 472 490 homo
487 441 521 490 ³.
600 439 932 505 particulare>
971 445 1131 488 autem
1169 439 1495 488 dedicatiuum
1534 437 1684 487 habet

40 525 63 560 ⁶
84 515 359 564 necessario
395 511 784 560 conuersionem.
861 525 970 558 nam
999 509 1067 558 esi
1094 510 1290 572 quidam
1329 509 1477 558 homo
1506 508 1683 559 animal

84 591 180 640 est,
208 581 450 647 quoddam
488 580 667 630 animal
694 580 841 629 homo
870 584 986 630 est'.
1063 579 1359 645 particulare
1399 594 1520 629 uero
1548 579 1683 629 abdi-

83 655 293 704 catiuum
339 667 436 701 non
484 652 633 701 habet
679 651 1006 701 necessariam
1052 651 1444 700 conuersionem.
1522 651 1536 674 ³
1554 654 1680 698 non’

82 725 210 774 enim
239 723 310 772 ‘si
336 722 581 787 quoddam
610 720 786 771 animal
813 737 911 771 non
940 727 1011 770 est
1036 720 1273 771 rationale
1291 761 1303 778 ,
1332 721 1577 785 quoddam
1603 736 1682 770 ra-

83 794 260 845 tionale
300 809 398 842 non
436 802 508 842 est
544 792 766 842 animal'.
843 792 1135 842 uniuersalis
1173 807 1291 856 ergo
1328 792 1602 842 dedicatiua
1637 798 1685 842 et

19 877 62 912 ιο
82 863 390 932 particularis
417 864 690 914 abdicatiua
715 879 815 913 non
843 865 1121 913 necessario
1149 870 1431 913 recurrunt.
1485 865 1684 913 uniuer-

54 963 66 968 -·
82 935 194 987 salis
219 941 381 985 autem
408 935 680 984 abdicatiua
708 940 755 984 et
778 933 1088 997 particularis
1109 934 1378 983 dedicatiua
1407 935 1685 983 necessario

45 1018 47 1023 ’
82 1012 453 1063 conuertuntur,
491 1007 555 1055 ita
582 1013 749 1055 tamen
777 1011 828 1054 ut
855 1005 976 1054 sacta
1015 1006 1340 1054 Conuersione
1377 1006 1424 1053 in
1465 1004 1682 1055 declara·

85 1079 182 1127 tiua
208 1076 446 1142 particula
475 1077 666 1140 negatio
706 1083 912 1125 maneat.
993 1091 1102 1125 nam
1130 1077 1298 1140 utique
1337 1077 1594 1125 conuersio
1622 1077 1686 1125 ita

84 1148 138 1197 fit
163 1154 215 1196 ut
233 1163 358 1212 quae
387 1147 623 1210 particula
652 1147 742 1196 fuit
768 1146 1079 1204 declaratiua,
1109 1147 1277 1196 eadem
1306 1146 1577 1196 subiectiua
1608 1148 1683 1196 sit.

20 1229 64 1263 15
87 1232 203 1281 ergo
240 1233 350 1267 cum
380 1217 488 1267 dico
525 1218 712 1266 eomnis
749 1216 972 1280 uoluptas
1000 1217 1185 1266 bonum
1222 1232 1322 1265 non
1350 1221 1449 1267 est'
1490 1220 1687 1266 omnis

86 1286 377 1352 uoluptas
414 1288 707 1343 subiectiua,
746 1303 862 1336 non
898 1293 988 1336 cst
1023 1287 1243 1337 bonum
1284 1286 1594 1337 declaratiua.
1647 1289 1688 1338 si

87 1362 414 1408 conuertam‘
430 1374 574 1407 omne
601 1358 785 1407 bonum
814 1357 1043 1422 uoluptas
1071 1374 1166 1407 non
1197 1361 1295 1407 est'
1326 1358 1448 1432 facta
1479 1365 1552 1408 est
1579 1360 1686 1424 qui-

85 1430 196 1479 dem
224 1429 493 1478 subiectiua
521 1445 646 1494 quae
672 1429 760 1478 fuit
787 1428 1106 1486 declaratiua,
1147 1430 1338 1493 negatio
1366 1436 1531 1479 tamen
1558 1430 1688 1479 hanc

83 1499 371 1565 particulam
401 1506 555 1557 tenet,
584 1515 707 1565 quae
735 1500 858 1549 facta
887 1506 959 1550 est
986 1499 1303 1550 declaratiua.
1382 1507 1428 1550 et
1463 1502 1504 1550 si
1539 1500 1687 1550 uelim

23 1582 67 1616 zo
88 1571 158 1620 sic
184 1569 347 1619 dicere
384 1570 546 1619 ‘nulla
579 1569 805 1635 uoluptas
832 1570 1017 1621 bonum
1056 1576 1158 1621 est'
1197 1572 1589 1621 conuertendum
1617 1577 1688 1621 est

87 1642 159 1691 sic
193 1639 408 1690 ‘nullum
434 1640 617 1690 bonum
647 1640 872 1705 uoluptas
898 1645 1014 1691 est'.
1092 1642 1177 1691 sed
1218 1649 1419 1706 propter
1446 1643 1543 1692 duo
1571 1658 1687 1707 pro·
1718 1653 1802 1692 398

88 1710 277 1776 loquia,
317 1727 442 1775 quae
470 1712 682 1761 diximus
716 1727 814 1760 non
850 1715 1126 1761 necessario
1163 1714 1411 1769 conuerti,
1451 1713 1690 1763 debemus

89 1782 343 1832 intendere
378 1784 539 1831 omnia
576 1798 702 1846 quae
740 1782 1007 1847 proloquiis
1043 1782 1401 1840 attribuuntur,
1439 1798 1527 1848 per
1564 1799 1690 1848 quae

90 1858 223 1901 recte
249 1860 331 1901 aut
356 1868 453 1900 non
479 1859 615 1902 recte
636 1855 846 1916 proponi
873 1861 1091 1917 possunt,
1122 1860 1175 1903 ut
1203 1869 1375 1902 uerum
1405 1860 1488 1904 aut
1514 1853 1690 1903 falsum

25 1932 70 1966 25
91 1923 279 1986 possint
305 1923 579 1973 ostendere.
656 1923 778 1973 haec
813 1930 975 1973 autem
1012 1925 1226 1990 quinque
1262 1930 1376 1973 sunt
1410 1926 1506 1974 iam
1546 1940 1689 1989 supe·

37 1995 40 1998 ’
91 1994 194 2042 rius
233 1992 590 2043 demonstrata:
638 2009 793 2058 genus
839 1996 1028 2059 species
1071 1995 1342 2044 differentia
1372 1995 1601 2044 accidens
1640 2001 1691 2043 et

89 2064 360 2129 proprium.
436 2080 494 2113 ex
532 2065 606 2114 his
644 2065 740 2114 duo
778 2066 960 2114 faciunt
995 2064 1074 2115 illa
1111 2065 1369 2130 proloquia
1409 2082 1689 2123 recurrere,

17 2189 24 2201 ἱ
90 2132 178 2182 alia
207 2135 295 2182 tria
322 2133 455 2183 nullo
481 2135 641 2184 modo.
704 2151 914 2200 namque
942 2141 1025 2185 ‘ut
1051 2138 1208 2186 omnis
1235 2138 1382 2186 homo
1409 2137 1586 2186 animal
1615 2144 1688 2186 est
1710 2141 1846 2184 1236

90 2204 322 2254 rationale
350 2205 570 2262 mortale,
598 2207 660 2255 ita
688 2222 832 2256 omne
853 2205 1030 2256 animal
1056 2207 1290 2257 rationale
1314 2208 1519 2257 mortale
1542 2208 1690 2257 homo

27 2284 70 2319 ω
91 2277 182 2324 est'
211 2287 257 2324 et
283 2278 447 2340 ‘quem
469 2276 529 2325 ad
547 2277 748 2326 modum
771 2279 928 2326 omnis
947 2278 1094 2327 homo
1122 2278 1322 2328 risibilis
1343 2285 1431 2335 est,
1460 2280 1526 2328 ita
1547 2294 1692 2328 omne

89 2344 275 2395 risibile
312 2346 460 2395 homo
488 2349 609 2396 est'.
685 2363 883 2397 rursum
919 2350 968 2396 in
1007 2349 1289 2411 particulari
1315 2349 1590 2399 abdicatiua
1618 2349 1691 2397 ui-

90 2414 305 2465 dendum
342 2423 413 2465 est
439 2417 556 2480 quid
592 2419 652 2466 sit
689 2420 942 2483 proprium
980 2434 1078 2467 non
1117 2435 1240 2470 esse.
1315 2427 1370 2469 ut
1407 2421 1537 2469 enim
1572 2434 1690 2500 pro—

90 2487 254 2551 prium
281 2491 351 2536 est
378 2486 589 2536 hominis
616 2503 752 2538 esse
778 2488 1053 2547 risibile,
1080 2490 1145 2539 ita
1173 2492 1427 2570 proprium
1456 2496 1529 2539 est
1554 2490 1691 2538 risi-

58 2554 215 2620 =hile
250 2572 371 2606 non
408 2572 543 2607 esse
587 2565 785 2622 praeter
828 2559 1090 2613 hominem
1166 2576 1284 2624 ergo
1319 2561 1359 2609 si
1395 2559 1692 2626 particulare

199 2712 227 2752 4
257 2711 619 2753 deindieatiuum
642 2713 683 2752 B
734 2709 754 2767 Η
805 2715 831 2754 6
861 2713 994 2755 homo
1018 2714 1188 2755 animal
1208 2715 1246 2755 R
1290 2711 1310 2769 Η
1357 2716 1382 2755 8
1414 2714 1693 2756 rationalem

90 2765 131 2808 R
93 2762 486 2866 ex‘lli9dffoosylm?
494 2766 1071 2881 quai3aggtrssunfiurdggfi'
1108 2767 1128 2824 Η
1166 2773 1306 2881 27ΒΕΧΙ
1326 2770 1423 2869 lli-{g
1437 2770 1525 2812 duo
1547 2771 1691 2857 adde

91 2834 269 2920 modllgn
288 2880 369 2923 BR
406 2878 426 2935 ΙΙ
464 2881 642 2924 risibile
666 2881 764 2924 B¹R
801 2880 820 2938 Η
867 2886 920 2926 33
949 2840 1276 2927 honilgggefflli
1325 2881 1334 2939 l
1458 2840 1668 2881 quemam
