1982 3230
0 0 131 110 T

116 263 217 313 que
244 263 342 297 non
379 248 668 296 metiuntur.
741 245 959 310 quinque
986 245 1200 309 primum
1228 257 1402 292 omnes
1435 239 1544 291 illos
1570 241 1735 290 metiri

120 326 353 383 possunt,
390 318 503 383 quia
530 316 793 382 quinquies
819 316 966 380 quina
1004 315 1129 364 dena
1166 314 1472 378 septuaginta
1499 313 1733 377 quinque,

116 388 379 454 quinquies
422 388 596 436 uicena
643 393 868 442 centum,
918 385 1180 450 quinquies
1227 390 1529 447 septuagena
1580 381 1734 432 CCCL

120 468 248 508 sunt.
324 457 515 507 duobus
554 471 675 506 uero
723 457 945 505 numeris
983 456 1106 504 datis
1162 469 1307 520 quem
1358 454 1614 502 minimum
1661 451 1852 507 illivs-1

76 542 99 574 5
122 527 423 593 metiantur>
459 529 528 576 sic
563 529 832 576 inuenitur.
907 527 1005 575 sint
1039 525 1138 574 dati
1174 525 1367 573 numeri
1395 523 1492 573 duo
1531 531 1579 573 et
1617 530 1733 572 tres.

119 599 171 648 hi
197 601 323 648 inter
349 613 400 647 se
438 598 747 662 incompositi
783 603 912 646 sunt.
981 612 1038 645 ex
1069 595 1142 644 his
1170 594 1294 643 alter
1321 593 1531 643 alterum
1570 594 1734 643 multi-

118 668 283 735 plicet.
343 668 419 718 bis
445 675 583 717 terna
614 667 693 717 uel
722 675 797 717 ter
825 667 939 716 hina
968 667 1090 715 fiunt
1116 681 1216 715 sex.
1278 665 1356 714 hic
1383 665 1618 713 minimus
1643 679 1735 713 nu-

119 754 287 789 merus
313 746 384 788 est
411 755 557 804 quem
595 739 663 787 illi
699 739 795 787 duo
824 738 1109 786 metiuntur.
1160 738 1428 785 maximum
1457 750 1604 800 quem
1631 749 1735 784 me-

123 811 206 859 tiri
241 811 430 874 possint
467 825 612 858 nemo
640 809 838 863 dixerit,
876 808 962 857 scd
1000 823 1196 856 omnem
1235 807 1366 855 idem
1403 807 1597 855 numeri
1632 821 1735 855 me-

55 894 98 926 10
122 882 306 930 tientur
333 883 629 945 quicumque
665 881 859 929 senario
887 894 1097 927 numero
1135 877 1455 941 multiplicato
1481 877 1579 925 fiet.
1650 876 1737 925 ad-

119 951 300 1001 dantur
321 951 417 1000 duo
445 952 638 1000 numeri
664 952 790 1000 inter
818 965 869 998 se
896 950 1154 1014 compositi
1183 963 1362 997 nouem
1390 954 1437 996 et
1457 947 1733 996 duodecim.

124 1021 335 1086 simplici
362 1021 769 1084 multiplicatione
797 1020 971 1070 eodem
992 1035 1089 1069 non
1113 1020 1416 1084 peruenitur,
1445 1019 1558 1083 quia
1577 1023 1740 1081 potest

122 1094 267 1142 etiam
295 1094 456 1140 minor
494 1107 729 1141 numerus
765 1106 909 1155 quam
938 1092 1018 1155 qui
1056 1092 1127 1138 sic
1165 1091 1374 1139 efficitur
1410 1091 1457 1138 in
1486 1089 1560 1138 his
1597 1102 1735 1138 men·

121 1178 286 1212 suram
322 1162 521 1211 hahere.
592 1162 682 1211 alia
718 1163 864 1226 igitur
901 1163 979 1210 uia
1016 1160 1366 1224 reperiendum
1414 1167 1500 1208 est.
1568 1159 1733 1208 uidea-

56 1247 98 1280 15
125 1249 232 1282 mus
283 1235 365 1298 qui
424 1235 613 1282 minimi
674 1234 867 1282 numeri
918 1231 1009 1280 sub
1063 1231 1233 1280 eadem
1295 1232 1487 1279 ratione
1539 1244 1635 1292 qua
1685 1229 1734 1277 hi
1767 1229 1853 1269 788

123 1305 233 1353 sint.
306 1310 378 1352 est
414 1310 575 1353 autem
613 1305 662 1351 in
700 1303 972 1351 nouenario
1009 1316 1220 1350 numero
1258 1302 1493 1349 minimus
1530 1300 1736 1349 rationis

799 103 986 144 LIBER
1015 102 1104 144 vu
1629 95 1738 150 289

122 1374 341 1423 eiusdem
370 1375 420 1422 in
447 1374 527 1428 111,
558 1375 607 1421 in
631 1373 934 1422 duodenario
961 1373 1007 1420 in
1037 1371 1245 1421 duobus
1288 1386 1419 1420 nunc
1445 1369 1737 1434 multiplicet

121 1460 180 1494 ex
206 1444 479 1493 minoribus
516 1445 733 1493 numeris
760 1443 994 1492 uterlibet
1022 1458 1120 1491 non
1158 1457 1300 1491 suum
1346 1456 1610 1491 numerum
1647 1441 1735 1490 sed
1810 1468 1812 1471 v

122 1515 336 1564 alienum
363 1515 412 1564 id
439 1521 512 1564 est
537 1514 616 1564 uel
642 1514 705 1564 111
733 1508 1010 1568 duodecim,
1039 1513 1120 1563 uel
1149 1513 1246 1562 duo
1275 1528 1474 1562 nouem.
1515 1518 1590 1561 tet·
1613 1511 1735 1560 duo-

55 1599 99 1632 20
123 1586 248 1635 dena
269 1587 464 1650 triginta
492 1600 601 1641 sex,
629 1585 705 1634 bis
733 1600 926 1634 nouena
954 1584 1131 1642 xvnl,
1170 1598 1453 1632 mensuram
1481 1582 1662 1631 haheat
1688 1589 1737 1631 et

121 1658 172 1704 in
198 1671 380 1706 nouem
409 1664 455 1705 et
494 1657 540 1704 in
570 1656 845 1706 duodecim.
913 1655 1062 1704 habet
1097 1660 1259 1704 autem
1297 1655 1346 1701 in
1382 1669 1564 1702 nouem
1602 1659 1649 1702 et
1682 1653 1734 1701 in

126 1727 384 1776 duodecim
425 1727 522 1775 non
558 1726 723 1777 habet.
797 1725 1067 1778 dimittatur
1103 1726 1255 1788 igitur
1283 1730 1330 1773 et
1365 1725 1521 1772 maior
1556 1723 1735 1787 adpre-

126 1797 370 1847 hendatur
397 1799 478 1862 qui
508 1804 580 1846 est
605 1797 801 1861 triginta
832 1811 933 1845 sex.
995 1796 1076 1844 liic
1102 1797 1334 1844 minimus
1362 1800 1435 1843 est
1461 1809 1607 1859 quem
1636 1809 1736 1842 me·

124 1868 206 1917 tiri
234 1873 283 1917 et
319 1883 498 1918 nouem
527 1874 575 1916 et
600 1867 858 1917 duodecim
886 1869 1091 1931 possint.
1162 1880 1276 1914 nam
1306 1871 1355 1915 et
1382 1867 1590 1914 nouiens
1617 1879 1738 1928 qua-

56 1951 102 1985 25
125 1944 266 1988 terna
303 1945 351 1988 et
386 1939 651 1988 duodecies
701 1946 842 1987 terna
877 1936 1070 1986 XXXVI
1120 1943 1248 1987 sunt.
1326 1935 1498 1985 eadem
1544 1935 1737 1984 ratione

45 2005 48 2008 ⁴
123 2024 321 2059 omnem
367 2024 628 2059 numerum
674 2010 970 2074 quicumque
1017 2008 1217 2071 triginta
1268 2022 1353 2055 sex
1399 2004 1734 2071 multiplicatis
1756 2012 1897 2053 2656

123 2079 207 2129 fiet
242 2079 369 2129 idem
396 2078 467 2128 illi
504 2080 603 2129 duo
631 2081 825 2129 numeri
851 2080 1137 2128 metiuntur.
1187 2077 1347 2126 tribus
1373 2083 1535 2127 autem
1564 2091 1737 2125 nume·
1770 2083 1855 2124 ’189

126 2151 199 2199 ris
226 2150 350 2200 datis
377 2165 614 2200 numerus
639 2166 786 2215 quem
815 2150 1071 2199 minimum
1099 2147 1165 2198 illi
1193 2149 1474 2205 metiantur,
1503 2149 1581 2197 sic
1599 2148 1738 2196 inue'·

239 2309 264 2347 3
295 2309 553 2359 septagena
582 2304 640 2346 B·
681 2302 701 2360 ΙΙ
748 2306 774 2346 6
807 2305 1052 2358 compositi
1071 2302 1130 2344 B¹
1178 2300 1197 2357 ΙΙ
1247 2302 1365 2343 alter
1395 2304 1459 2344 bis
1485 2303 1667 2355 positum
1696 2302 1741 2340 in

124 2362 168 2402 B
207 2360 227 2416 ΙΙ
266 2363 292 2403 8
322 2363 574 2403 metiuntur
600 2363 634 2402 D
656 2362 907 2403 metiantur
930 2361 1013 2402 BR
1035 2360 1054 2413 ΙΙ
1082 2360 1224 2400 mitiri
1246 2359 1286 2398 B
1319 2360 1423 2399 etiri
1446 2360 1483 2399 R
1510 2355 1531 2412 ΙΙ
1559 2360 1611 2398 10
1643 2357 1740 2410 qui-

126 2431 230 2459 cum
251 2418 275 2458 b
303 2414 310 2472 Ι
363 2418 588 2458 addentur
609 2417 650 2457 B
677 2415 696 2472 ΙΙ
738 2419 789 2458 12
812 2417 1009 2471 simplici
1028 2417 1186 2469 scripsi
1205 2415 1436 2456 similiBR
1469 2411 1489 2468 ΙΙ
1520 2416 1571 2455 13
1604 2426 1740 2466 quam

124 2475 210 2515 del.
242 2475 265 2515 b
306 2474 312 2528 Ι
374 2476 425 2514 14
454 2474 640 2514 habere.
674 2473 770 2514 alia.
799 2475 959 2526 scripsi
996 2474 1136 2514 aliam
1167 2472 1340 2513 habere
1362 2471 1444 2511 BR
1484 2470 1627 2511 aliam
1655 2468 1739 2510 ha-

126 2531 237 2571 bere
270 2530 368 2571 alia
396 2530 515 2573 Vulc.
555 2526 575 2583 ΙΙ
617 2532 668 2571 15
701 2542 836 2582 quam
858 2530 880 2570 b
918 2526 940 2584 ΙΙ
981 2530 1033 2569 16
1065 2529 1218 2570 suntb
1257 2525 1278 2580 ΙΙ
1318 2530 1369 2569 17
1402 2529 1451 2567 in
1479 2525 1740 2578 111(tribus

128 2587 182 2636 R)
214 2587 263 2627 in
285 2586 568 2628 duodenario
591 2599 668 2628 om.
686 2584 803 2627 B¹R¹
843 2582 862 2640 ΙΙ
904 2588 956 2626 19
986 2586 1033 2626 II
1062 2583 1274 2626 113V1111
1297 2583 1338 2624 B
1377 2581 1396 2637 ΙΙ
1435 2585 1490 2624 20
1521 2583 1560 2622 is
1582 2580 1682 2622 B¹R
1702 2578 1722 2636 ΙΙ

126 2642 235 2686 &in
254 2643 392 2685 VIIII
420 2644 617 2683 iteratum
645 2656 672 2683 α
700 2641 760 2681 B¹
797 2638 816 2696 ΙΙ
856 2644 907 2682 21
939 2645 988 2682 et
1021 2647 1118 2682 ante
1150 2641 1198 2680 in
1229 2640 1320 2681 XII
1348 2654 1426 2682 om.
1449 2640 1487 2680 R
1525 2635 1546 2693 ΙΙ
1583 2640 1638 2679 22
1670 2638 1740 2679 sic

127 2706 229 2741 ante
251 2701 396 2741 maior
416 2701 517 2740 add.
539 2699 563 2739 b
602 2695 622 2753 ΙΙ
660 2700 714 2740 23
745 2698 822 2739 hic
852 2698 1129 2738 minimus—
1149 2698 1204 2737 25
1235 2697 1512 2748 quicumque
1543 2694 1739 2735 XXXVI

130 2768 210 2798 om.
231 2756 286 2798 R*
324 2753 346 2811 ΙΙ
384 2757 439 2797 24
468 2769 574 2796 nam
597 2758 644 2795 et
674 2756 868 2796 nouiens
899 2754 1080 2805 (nonies
1101 2753 1165 2794 Bb
1197 2753 1395 2793 nobiens
1418 2751 1477 2803 B)
1511 2755 1742 2807 quaterna

130 2815 179 2852 et
208 2812 454 2854 duodecies
482 2816 616 2853 terna
644 2811 838 2852 XXXVI
869 2814 975 2851 sunt
1003 2823 1082 2854 om.
1114 2810 1314 2861 Koppius
1361 2805 1369 2863 Ι
1429 2810 1483 2856 27
1523 2808 1750 2850 metietur

130 2866 188 2909 Β*
236 2865 255 2922 ΙΙ
303 2870 357 2911 28
389 2881 519 2922 quem
551 2869 684 2919 (corr.
715 2882 774 2909 ex
805 2868 883 2921 qui
912 2866 973 2919 m)
1007 2879 1153 2905 *un
1184 2865 1254 2906 illi
1283 2865 1326 2905 B
1387 2862 1394 2919 Ι

217 2965 486 2994 nmunus
509 2964 721 2994 cunum
1333 2933 1400 2986 19
