1982 3230
789 90 976 134 mmm
1004 91 1071 134 VI
1354 93 1364 115 ⁸
1595 87 1704 141 207

91 235 293 300 quagies
326 233 402 283 bis
436 232 713 298 quindecim
751 232 903 282 milia.
977 233 1090 282 inde
1127 232 1350 297 proxima
1386 231 1702 296 nauigatione

91 306 307 371 Cyprum
341 302 577 359 insulam,
606 302 834 353 Pataram
860 303 1054 368 Lyciae,
1082 301 1327 359 Rhodum,
1354 300 1693 367 Astypalaeam

90 376 142 425 in
169 373 429 440 Carpathio
454 373 593 429 mari,
610 374 743 423 item
773 374 826 421 in
851 372 1064 422 insulam
1090 372 1371 422 Taenarum
1397 372 1693 430 Laconicae,

89 445 204 495 inde
229 443 514 509 Lilybaeum
541 442 736 492 Siciliae
772 447 819 492 et
845 442 1054 493 Caralim
1084 442 1340 492 Sardiniae
1373 443 1542 492 tricies
1579 458 1695 508 qua-

46 528 67 560 5
90 521 168 566 ter
193 515 459 579 quingenta
495 512 642 563 milia.
715 512 832 562 inde
860 511 1078 563 Gadibus
1114 512 1408 576 quadragies
1442 512 1517 562 bis
1553 514 1694 578 quin·

23 880 65 912 10

23 1231 64 1264 15

23 1583 65 1616 20

90 599 311 651 quagena
337 582 487 633 milia.
546 598 674 648 quae
699 597 931 633 mensura
957 583 1193 632 uniuersa
1220 581 1280 632 ab
1309 598 1367 632 eo
1395 585 1520 631 mari
1547 583 1696 633 efficit

90 655 309 719 octogies
346 654 604 719 quinquies
651 654 959 719 septuaginta
1000 659 1110 702 octo
1146 651 1294 702 milia.
1369 658 1532 717 potest
1577 654 1695 703 item
1726 669 1813 710 613

89 724 219 775 aliud
244 731 378 775 terra
414 724 638 789 marique
663 725 756 774 iter
783 724 897 773 duci
932 738 1023 788 per
1044 724 1266 786 Gangem
1291 722 1695 789 Euphratemque

87 795 295 845 fluuium
331 794 690 860 Cappadociam
726 794 989 860 Phrygiam
1025 808 1115 859 per
1151 795 1369 858 Aegeum
1406 793 1612 858 pelagus
1648 800 1696 844 et

87 866 384 916 Laconicum
418 880 556 915 mare
593 866 809 931 itemque
834 880 926 930 per
951 866 1087 914 sinus
1121 863 1242 914 alios
1266 879 1424 929 usque
1449 864 1693 930 Pelopon-

86 951 259 986 nesum
297 935 575 986 Leucadem
613 935 902 1001 Corcyram,
930 936 1350 985 Acroceraunium
1376 936 1694 985 Brundisium

85 1005 293 1056 Romam
319 1007 466 1071 Alpes
500 1013 549 1056 et
575 1005 841 1073 Gal->liam
875 1021 965 1071 per
1003 1006 1282 1071 Pyrenaeos
1319 1007 1464 1054 etiam
1499 1012 1693 1055 montes

88 1078 138 1126 in
176 1077 426 1127 Oceanum
462 1077 817 1141 uespertinum,
855 1076 1118 1142 Hispaniae
1165 1091 1304 1126 oram
1339 1077 1697 1139 traiectumque

87 1147 372 1212 perlGadeS,
404 1153 452 1197 et
479 1147 638 1196 omnis
663 1162 896 1198 mensura
922 1152 1180 1196 attestante
1198 1147 1511 1196 Artemidoro
1538 1161 1697 1197 asser-

90 1217 304 1267 tionibus
330 1219 452 1267 meis
477 1217 628 1267 habet
663 1216 793 1266 milia
831 1219 1047 1281 octogies
1083 1219 1243 1266 sexies
1281 1218 1529 1280 octoginta
1557 1218 1697 1282 quin-

89 1303 198 1353 que.
274 1287 464 1336 habetis
490 1286 846 1350 longitudinem
886 1287 1227 1352 multipliciter
1261 1293 1603 1336 memoratam.

227 1357 454 1407 Latitudo
482 1362 645 1406 autem
674 1358 778 1407 eius
805 1373 831 1406 a
852 1358 1126 1407 meridiano
1153 1358 1247 1406 situ
1272 1358 1322 1406 in
1347 1358 1698 1422 septentrionis

89 1433 235 1493 caput
270 1427 537 1493 plurimum
572 1430 734 1476 minor
772 1434 858 1478 est.
936 1444 1051 1478 nam
1087 1429 1335 1492 utrimque
1381 1429 1699 1494 intemperati

89 1499 217 1548 aeris
253 1498 501 1547 nimietate
547 1498 868 1548 contrahitur.
946 1516 1005 1549 eo
1044 1498 1233 1548 accedit
1267 1498 1398 1564 quod
1435 1515 1462 1548 a
1501 1504 1696 1563 septen-

90 1570 263 1618 trionis
297 1567 438 1633 plaga
467 1569 800 1619 Sarmatarum
838 1584 959 1634 gens
998 1571 1298 1634 copiosaque
1333 1568 1592 1619 barbaries
1617 1585 1697 1619 ac-

90 1653 281 1689 cessum
319 1638 626 1703 indagandae
662 1639 983 1689 dimensionis
1011 1639 1239 1689 excludit.
1318 1645 1532 1689 attamen
1560 1641 1695 1704 quic-

89 1708 206 1773 quid
232 1709 475 1774 intrepida
512 1725 770 1774 permeare
797 1712 953 1775 quiuit
979 1711 1204 1760 excursio
1233 1716 1574 1773 competenter
1612 1710 1697 1759 ad-

88 1793 315 1829 mensum
351 1787 645 1844 repertaque
682 1780 887 1829 latitudo
923 1779 1204 1830 habitabilis
1232 1786 1394 1830 terrae
1428 1795 1587 1846 paene
1625 1780 1695 1829 di-

143 1983 147 1990 .
201 1948 224 1996 §
256 1948 337 1989 613
371 1961 425 1988 ex
454 1948 608 1989 Plinio
629 1949 676 1989 11
706 1949 788 1989 244
835 1946 854 2003 Η
904 1949 928 1999 ξ
959 1950 1042 1988 614
1074 1952 1118 1990 et
1150 1950 1231 1990 615
1272 1962 1326 1989 ex
1356 1948 1509 1990 Plinio
1538 1949 1584 1989 II
1614 1950 1697 1989 245

199 2103 224 2142 2
255 2104 463 2154 pateram
484 2101 569 2142 BD
618 2100 636 2157 ΙΙ
683 2103 867 2155 licyeD
914 2100 934 2156 [1
983 2102 1139 2145 rodum
1163 2103 1245 2144 BD
1284 2100 1303 2157 ΙΙ
1345 2103 1698 2157 astypaleamB

88 2157 363 2210 astipaleam
386 2159 425 2198 D
464 2155 483 2212 Η
523 2161 547 2199 3
581 2160 789 2212 carpatio
810 2159 853 2198 B
886 2159 1136 2213 carpatheo
1161 2160 1198 2199 D
1238 2157 1258 2214 Η
1296 2160 1452 2201 insula
1471 2160 1558 2200 BD
1579 2173 1694 2201 corr.

85 2214 284 2267 Koppius
349 2210 370 2269 Η
424 2218 633 2255 tenarum
664 2215 708 2255 B
748 2215 1035 2257 teneclarum
1066 2215 1116 2257 al
1154 2216 1382 2257 tenarium
1412 2217 1436 2257 b
1486 2216 1695 2257 tenecla-

86 2283 184 2310 rum
211 2271 245 2309 Ι)
278 2267 298 2325 Η
323 2271 351 2310 4
382 2270 602 2324 lylibeum
623 2271 707 2312 BD
745 2269 757 2326 Ι
806 2271 1041 2313 sardiniae
1075 2272 1255 2313 uiciens
1282 2276 1328 2313 et
1356 2272 1498 2313 semel
1522 2271 1629 2312 CIII
1649 2271 1699 2311 M

84 2339 207 2379 pass.
229 2327 393 2368 Plinius
431 2324 459 2422 [l
489 2328 656 2369 trecies
679 2329 718 2368 D
767 2325 777 2383 Ι
817 2329 843 2369 5
869 2335 972 2381 post
1001 2327 1107 2369 inde
1132 2330 1274 2370 adata
1295 2329 1319 2368 b
1360 2326 1379 2382 [Ι
1420 2327 1562 2369 Gadis
1585 2327 1698 2368 duo-

88 2382 275 2423 deciens
306 2382 383 2423 CL
411 2382 440 2422 b
488 2397 613 2436 pass.
635 2385 800 2425 Plinius
837 2381 857 2439 ΙΙ
906 2386 930 2426 7
963 2385 1199 2438 octoagies
1221 2386 1261 2424 D
1310 2382 1329 2438 ΙΙ
1377 2384 1576 2426 LXVIII
1604 2384 1697 2424 Pli-

86 2441 178 2479 nius
215 2434 236 2492 ss
274 2441 507 2492 potestate
529 2439 571 2479 B
591 2443 746 2493 potest
765 2442 855 2482 iter
874 2441 898 2482 b
938 2438 957 2495 ΙΙ
997 2442 1024 2481 8
1046 2441 1134 2482 iter
1154 2440 1261 2482 duci
1280 2441 1323 2480 B
1355 2441 1466 2482 item
1488 2440 1594 2481 duci
1614 2440 1637 2480 b
1658 2436 1679 2494 ΙΙ

85 2491 1697 2607 ΞῗῆῗῖξεὲωθὲῗαῗΐῗὲωΘῆὒοΗθῖειῗιὲΡὲῗᾶοῖῗέιοἶῃὲεᾷἷξὲἰιῗΐ

90 2608 140 2646 11
172 2606 415 2648 leucadam
435 2608 478 2648 B
506 2566 749 2648 leocadarg
771 2566 879 2662 Dpll
929 2567 1414 2656 acroeeraungamflffl)
1462 2605 1480 2662 [Ι
1532 2610 1583 2648 12
1613 2621 1694 2661 py-

86 2675 249 2704 reneos
283 2663 366 2704 BR
432 2662 451 2718 Η
517 2666 568 2705 13
614 2664 805 2717 spaniae
840 2665 924 2706 BR
966 2665 1208 2718 hispaniae
1244 2665 1268 2705 b
1314 2665 1526 2718 ispaniae
1564 2665 1603 2705 R
1657 2662 1677 2718 ΙΙ

90 2733 142 2773 15
174 2733 660 2775 LXXXIX.XXXXV
690 2735 852 2775 Plinius
916 2732 935 2788 Η
994 2736 1047 2776 18
1086 2736 1271 2787 utrique
1302 2735 1341 2775 R
1396 2732 1416 2788 Η
1471 2736 1694 2788 intempe-

88 2790 212 2830 ranti
233 2791 355 2832 aeris
383 2790 466 2831 BR
502 2791 841 2844 intemperania
873 2790 992 2832 aeris
1021 2791 1045 2831 b
1075 2805 1188 2832 corr.
1215 2805 1246 2843 p
1287 2788 1306 2845 Ι]
1346 2792 1399 2832 19
1443 2792 1696 2832 contraitur

88 2843 132 2884 B
177 2841 199 2899 Ι]
248 2846 421 2887 accidit
450 2847 500 2888 br·
547 2845 566 2901 Η
614 2850 667 2887 22
700 2847 875 2900 quiebit
894 2846 953 2888 B¹
1003 2844 1023 2902 ll
1074 2860 1351 2889 ammensum
1381 2846 1483 2888 B¹R
1526 2845 1548 2902 ss

1729 1373 1814 1413 614
