1982 3230
307 129 414 182 282
786 130 1088 171 MARTIANI
1117 129 1437 172 CAPELLAE

309 273 386 321 his
414 277 536 319 tres:
576 285 688 318 nam
716 272 939 334 quamuis
966 276 1068 320 tres
1103 272 1294 334 priores
1321 273 1513 336 numeri
1549 273 1676 322 inter
1701 289 1753 323 se
1780 288 1918 323 com-

310 342 426 407 poni
451 342 665 405 possint,
695 347 859 389 tamen
886 347 1117 405 quattuor
1143 341 1194 390 hi
1229 343 1358 390 inter
1384 357 1436 392 se
1473 358 1570 394 non
1607 358 1914 408 componun·

192 428 278 470 ‘775
310 420 404 465 tur.
483 426 583 460 non
609 416 798 459 tantum
838 427 957 460 uero
994 412 1202 461 adiectio
1239 413 1341 462 eius
1369 415 1587 470 numeri,
1626 415 1710 478 qui
1744 429 1834 479 per
1859 428 1913 464 se

308 482 663 545 incompositus
702 488 796 537 est,
844 482 992 530 efficit
1026 491 1079 530 ut
1114 481 1281 545 plures
1327 485 1519 533 numeri
1562 486 1690 533 inter
1726 499 1778 534 se
1817 500 1918 534 non

310 557 670 616 componantur
697 553 780 601 sed
802 559 962 617 potest
989 554 1132 602 ctiam
1161 555 1378 610 euenire,
1407 561 1459 603 ut
1485 557 1566 618 qui
1586 569 1674 617 per
1701 569 1754 603 se
1780 570 1914 604 com-
1957 567 1980 601 5

309 623 453 687 positi
489 627 621 678 sunt,
662 624 711 671 in
748 639 901 672 unum
929 624 1027 672 dati
1065 625 1191 672 inter
1228 639 1280 673 se
1316 625 1628 688 incompositi
1664 626 1785 681 sint,
1827 625 1912 675 ubi

310 694 535 757 quamuis
574 692 760 756 aliquas
785 709 1068 750 mensuraS,
1098 695 1316 744 diuersas
1344 701 1507 744 tamen
1535 697 1802 759 recipiunt;
1841 697 1914 745 id-

309 780 405 828 que
427 764 592 812 euenit
619 770 666 811 et
691 765 819 813 inter
844 765 1059 827 impares
1081 765 1203 814 duos
1225 780 1472 823 numerOS,
1502 773 1550 815 et
1570 768 1737 830 parem
1767 772 1914 830 atque

308 835 550 897 inparem.
629 849 879 883 sumamus
916 849 1097 884 nouem
1133 843 1180 884 et
1215 837 1386 898 uiginti
1427 837 1659 901 quinque.
1733 837 1915 886 horum

308 911 518 969 uterque
553 919 643 968 per
679 920 731 953 se
770 906 1070 968 compositus
1107 911 1194 955 est.
1271 906 1418 955 habet
1462 908 1593 956 enim
1629 922 1911 957 mensuram
1937 921 1979 953 10

310 975 611 1023 nouenarius
638 990 874 1024 numerus
900 976 949 1023 in
977 978 1214 1032 ternione,
1243 976 1391 1025 habet
1418 978 1590 1038 uiginti
1622 979 1837 1042 quinque
1864 979 1916 1027 in

311 1046 538 1109 quinario
587 1061 811 1094 numero.
896 1046 1026 1095 inter
1061 1061 1113 1095 se
1161 1054 1325 1096 tamen
1370 1047 1419 1095 hi
1467 1062 1565 1095 non
1612 1062 1915 1111 componun-

312 1123 415 1172 tur,
469 1116 581 1178 quia
618 1131 778 1179 neque
816 1131 996 1165 nouem
1032 1118 1242 1181 quinarii
1278 1118 1473 1166 numeri
1509 1132 1790 1167 mensuram
1827 1133 1915 1168 nc-

311 1201 407 1249 que
443 1188 617 1250 uiginti
652 1188 869 1250 quinque
906 1188 1144 1236 ternionis
1182 1188 1456 1236 admittunt.
1530 1188 1659 1237 idem
1699 1188 1753 1236 fit
1787 1189 1916 1238 inter

311 1264 420 1305 octo
461 1264 508 1305 et
544 1272 749 1312 nouem,
796 1272 965 1320 parem
1003 1265 1147 1321 atque
1191 1260 1413 1322 inparem
1450 1273 1726 1308 numerum.
1802 1274 1912 1308 nam
1939 1271 1982 1305 15

311 1342 471 1390 neque
499 1327 828 1390 duplicatione
855 1334 937 1375 aut
958 1328 1414 1391 quadruplicatione
1436 1344 1614 1378 nouem
1637 1343 1797 1392 neque
1818 1335 1918 1379 ter-

312 1398 460 1445 nione
490 1403 598 1445 octo
626 1398 789 1446 metiri
815 1412 1089 1461 possumus,
1154 1400 1315 1461 itaque
1343 1413 1432 1460 per
1458 1413 1510 1447 se
1538 1400 1681 1448 etiam
1708 1401 1838 1448 inter
1865 1413 1919 1448 se

310 1467 619 1529 incompositi
657 1474 793 1524 sunt,
834 1468 916 1532 qui
953 1483 1042 1532 per
1068 1483 1119 1517 se
1156 1476 1520 1532 componuntur
1557 1483 1656 1518 non
1691 1471 1919 1532 protinus

312 1537 455 1585 etiam
484 1539 610 1586 inter
638 1553 689 1586 se
718 1540 947 1602 componi
974 1544 1193 1603 possunt.
1262 1538 1266 1542 “

198 1653 279 1692 776
454 1635 718 1698 Compositi
754 1651 872 1684 uero
899 1638 1027 1686 inter
1055 1653 1107 1686 se
1134 1643 1247 1686 sunt
1283 1652 1454 1686 omnes
1481 1653 1650 1701 pareS,
1687 1645 1741 1686 ut
1766 1653 1913 1703 appa·
1938 1653 1982 1686 20

139 1722 291 1764 Α2596
313 1721 425 1754 rere
461 1721 607 1770 supra
635 1722 830 1770 quoque
869 1709 1052 1770 potuit,
1092 1709 1370 1772 quicunque
1407 1707 1482 1756 uel
1514 1724 1571 1756 ex
1599 1707 1798 1772 paribus
1836 1707 1919 1758 uel

268 1833 271 1835 ,
313 1792 371 1825 ex
406 1776 660 1839 inparibus
696 1784 825 1825 sunt.
902 1778 1077 1826 deinde
1105 1779 1300 1841 quidam
1336 1780 1534 1842 inpares
1569 1784 1620 1827 ut
1655 1793 1835 1828 nouem
1870 1784 1919 1827 et

313 1847 590 1910 quindecim
620 1862 731 1896 cum
762 1854 968 1911 uterque
995 1863 1231 1897 numerus
1258 1850 1307 1896 in
1333 1855 1501 1898 ternos
1526 1849 1768 1898 recidunt.
1810 1854 1918 1898 tum

312 1918 508 1979 quidam
546 1932 690 1980 pares
719 1923 766 1966 et
791 1919 987 1982 quidam
1027 1919 1225 1982 inpares
1260 1925 1312 1968 ut
1350 1934 1530 1967 nouem
1567 1924 1613 1967 et
1639 1919 1915 1977 duodecim,

311 1988 354 2034 si
379 1988 577 2051 quidem
614 1988 690 2036 his
717 2003 911 2052 quoque
948 1989 1207 2054 triplicatio
1237 1990 1510 2038 communis
1538 1995 1633 2038 est:
1674 1996 1749 2038 ter
1778 1997 1916 2038 terna
1937 2003 1982 2038 25

310 2072 506 2111 nouem,
534 2063 611 2106 ter
637 2064 874 2121 quaterna
901 2059 1160 2108 duodecim
1187 2065 1314 2112 sunt.
1390 2066 1437 2108 at
1462 2058 1579 2108 illud
1607 2059 1916 2108 animaduer-

311 2129 449 2176 sione
478 2128 676 2190 dignum
720 2129 947 2191 estquod
986 2145 1098 2178 cum
1138 2131 1294 2192 inpari
1330 2145 1535 2178 numero
1572 2145 1839 2194 numquam
1872 2130 1915 2178 is

311 2212 401 2260 par
427 2199 656 2260 componi
684 2203 867 2262 potest,
908 2200 991 2262 qui
1018 2215 1077 2247 ex
1104 2199 1305 2263 paribus
1331 2200 1417 2248 sed
1446 2201 1529 2263 qui
1556 2215 1615 2249 ex
1641 2199 1914 2262 imparibus

311 2273 448 2316 ortus
487 2274 581 2316 est:
630 2268 751 2317 adeo
779 2275 962 2317 mutata
990 2285 1186 2333 quoque
1222 2276 1353 2317 sorte
1388 2270 1510 2318 iuris
1551 2276 1714 2318 tamen
1753 2268 1914 2334 aliqua

309 2338 517 2387 societas
554 2346 795 2402 superest.
873 2355 989 2402 ergo
1027 2354 1207 2388 nouem
1243 2355 1401 2403 neque
1429 2354 1542 2387 cum
1570 2344 1798 2403 quattuor
1825 2354 1910 2388 ne·
1934 2355 1978 2388 30

310 2423 405 2472 que
435 2423 545 2457 cum
573 2415 683 2458 octo
712 2424 871 2473 neque
898 2425 1010 2458 cum
1037 2410 1251 2459 sedecim
1277 2407 1473 2474 <neque
1502 2425 1613 2459 cum
1640 2408 1738 2459 ullo
1767 2408 1917 2458 simili

426 2593 447 2630 l
479 2591 550 2631 his
581 2592 652 2631 III
682 2592 705 2631 b
736 2596 780 2631 ut
801 2592 908 2632 coni.
930 2591 1165 2643 Bdctyerus
1203 2591 1290 2632 duo
1322 2596 1415 2634 tres
1446 2593 1483 2633 R
1512 2592 1583 2633 III
1613 2604 1647 2631 S.
1678 2591 1747 2631 111
1774 2590 1816 2630 B
1873 2587 1895 2645 Π

309 2649 335 2686 2
366 2651 559 2698 possunt
588 2646 689 2688 B¹R
736 2645 755 2702 ss
804 2649 829 2688 5
858 2649 1019 2688 uenire
1047 2647 1148 2688 B¹R
1196 2645 1214 2701 Η
1263 2651 1288 2690 8
1321 2652 1367 2688 et
1397 2651 1478 2689 del.
1509 2649 1532 2688 b
1581 2645 1600 2701 [l
1649 2649 1702 2687 10
1733 2658 1915 2699 compo-

311 2704 391 2742 siti
423 2704 455 2754 (i
486 2717 600 2746 corr.
621 2705 666 2744 in
685 2703 735 2754 u)
768 2708 871 2758 sunl:
894 2709 966 2757 est
988 2705 1025 2744 R
1064 2701 1083 2757 Η
1124 2706 1176 2745 13
1206 2704 1273 2744 hii
1294 2704 1375 2744 BR
1409 2702 1427 2756 ΙΙ
1469 2707 1519 2745 13
1550 2715 1808 2743 mensuram
1829 2715 1915 2742 nu-

310 2760 424 2799 meri
444 2760 482 2799 R
521 2756 539 2813 Π
580 2761 631 2799 19
657 2765 760 2812 post
791 2761 931 2800 etiam
962 2761 1062 2800 add.
1087 2761 1330 2813 compositi
1359 2761 1382 2800 b
1421 2758 1440 2813 ΙΙ
1478 2762 1533 2800 20
1564 2761 1670 2799 sunt
1700 2771 1775 2799 om.
1799 2759 1836 2798 R
1874 2755 1894 2813 Π

310 2815 364 2853 21
388 2815 568 2865 quicum
591 2815 633 2854 B
672 2812 691 2869 Η
730 2818 783 2856 22
815 2817 920 2856 XVI
941 2815 1042 2857 B¹R
1081 2812 1192 2870 {1-23
1223 2816 1446 2857 recedunt
1465 2814 1565 2855 B¹R
1603 2812 1621 2868 [1
1660 2815 1715 2854 26
1746 2817 1912 2867 quater

309 2868 393 2910 BR
422 2884 535 2911 corr.
565 2872 684 2914 Vuae.
725 2869 744 2926 Η
785 2872 844 2912 ad
873 2874 958 2913 del.
979 2871 1079 2912 in‘R
1111 2877 1158 2912 at
1180 2885 1257 2914 om.
1279 2870 1341 2912 Βι
1378 2868 1398 2924 ΙΙ
