1982 3230
432 89 725 133 CAESARIS
760 88 1102 132 GERMAN101
1131 86 1374 131 ARATEA
1605 83 1709 137 411

69 213 278 294 {litteras
324 231 554 282 didicisse
611 231 854 281 dicantur.
939 237 1204 295 propterea
1250 229 1454 279 deorum
1500 242 1711 278 numero

0 316 11 340 ε
78 301 288 353 uidetur
335 317 444 352 esse
491 301 688 351 relatus,
775 302 1066 365 Sagittarius
1105 299 1255 350 habet
1302 299 1468 350 stellas
1527 300 1576 348 in
1628 314 1706 348 ca·
1731 312 1840 355 73ss

0 356 35 455 Ῐ.
79 372 190 438 >pite
223 372 290 428 Π,
341 372 392 420 in
438 373 663 421 acumine
700 373 906 435 sagittae
940 371 1009 428 ΙΙ,
1059 372 1112 419 in
1150 370 1324 420 dextro
1351 385 1541 420 ancone
1566 370 1611 426 Ι,
1663 371 1712 419 in

0 436 63 503 2}—
90 457 240 493 manu
265 442 310 499 I,
357 443 407 490 in
435 450 611 492 uentre
638 443 658 491 Ι
685 441 894 498 claram,
941 443 991 489 in
1019 440 1168 490 dorso
1195 441 1263 497 ΙΙ,
1309 443 1361 489 in
1388 441 1542 490 cauda
1570 441 1616 496 1,
1663 440 1710 488 iu

0 506 224 606 fpgenu
261 513 427 577 priore
464 514 508 562 I:
547 513 670 562 fiunt
705 526 893 562 summa
930 510 1011 560 XI.
1089 512 1137 559 in
1174 526 1368 560 summo
1409 511 1535 575 pede
1562 510 1608 566 Ι,
1662 510 1713 559 in

0 545 51 672 '0²'-
90 583 367 649 postcriore
403 597 534 645 genu
572 583 616 631 I:
654 583 780 631 fiunt
813 581 938 631 XIII.
1003 580 1184 630 NAVIS
1221 586 1382 630 autem
1419 581 1502 630 VII
1541 580 1710 631 stellae

89 655 316 714 reliquae
352 653 443 703 sub
484 668 630 702 crure
665 655 849 703 similes
882 657 1001 702 sunt
1037 652 1396 715 posteriorum,
1445 666 1570 715 quae
1606 666 1708 700 non

21 806 70 1123 l

0 717 49 786 ,ἴ
90 724 442 782 ostenduntur,
473 723 604 789 quod
633 723 908 773 Centaurus
934 720 1113 785 duplex
1141 721 1257 787 sit.)

233 807 486 870 Vnguibus
518 805 766 872 innocuis]
795 822 844 856 u.
875 812 970 855 315³
1621 818 1629 826 ·

230 876 400 943 <Haec
428 893 534 927 esse
562 877 740 926 dicitur
769 876 1035 927 SAGITTA
1063 875 1319 940 Apollinis,
1349 891 1443 940 qua
1473 875 1712 940 Cyclopes

90 948 336 998 interfecit
373 963 485 1005 eos,
538 948 621 1012 qui
647 949 779 997 louis
815 946 1003 996 fulmen
1040 946 1289 1004 fecerunt,
1343 946 1477 1010 quod
1516 962 1574 996 eo
1611 945 1709 996 telo
1743 967 1746 970 ⁴

44 1075 50 1078 ¹
88 1017 409 1084 Aesculapius
433 1018 562 1067 filius
599 1019 704 1068 eius
732 1034 758 1067 a
785 1017 903 1066 Ioue
941 1024 1070 1067 esset
1096 1018 1402 1066 interfectus.
1458 1031 1605 1080 quam
1632 1031 1709 1065 sa-

22 1119 41 1154 ‚<
90 1089 259 1152 gittam
297 1090 442 1138 astris
478 1089 679 1138 inlatam
717 1089 1007 1137 memoriam
1044 1088 1242 1137 uirtutis
1277 1103 1396 1138 suae
1432 1087 1707 1152 reliquisse.

25 1171 31 1208 ι
91 1157 241 1208 habet
266 1158 554 1209 stellasIIlI:
584 1159 634 1207 in
656 1173 848 1208 summo
870 1158 904 1215 Ι,
934 1159 980 1207 in
1010 1158 1228 1215 mediol,
1256 1157 1384 1207 ultra
1406 1158 1449 1207 ΙΙ
1475 1160 1528 1208 in
1555 1157 1709 1207 fundo

22 1235 73 1286 {iz
93 1229 312 1292 sagittae.

232 1297 457 1356 AQVILA
495 1299 618 1348 haec
653 1305 751 1355 est,
790 1313 916 1363 quae
943 1298 1276 1362 Ganymedem
1297 1300 1477 1362 'rapuit
1511 1300 1563 1347 in
1600 1313 1711 1347 cae-

22 1373 35 1414 -..'
92 1368 195 1419 lum
230 1369 333 1419 Ioui
369 1370 666 1419 ministrum.
719 1376 792 1418 est
828 1370 957 1418 enim
996 1383 1052 1417 ea
1089 1374 1137 1417 et
1162 1370 1357 1432 signum
1385 1369 1540 1425 IouiS,
1578 1368 1711 1434 quod

0 1438 35 1489 ⁷2.
91 1438 193 1489 sola
238 1441 404 1489 auium
448 1438 562 1489 solis
605 1438 756 1488 radiis
800 1453 900 1487 non
936 1444 1216 1494 terreatur.v
1277 1454 1491 1503 namque
1529 1439 1593 1488 ita
1636 1446 1710 1488 est

25 1506 30 1536 ³
93 1515 322 1574 spectans
357 1509 417 1558 ad
454 1511 694 1559 orientem
739 1510 915 1572 pennis
950 1510 1117 1558 tensis,
1192 1509 1548 1572 Aglaosthenes
1593 1510 1712 1559 dicit

17 1595 73 1631 230
93 1579 261 1630 Iouem
289 1595 400 1629 cum
428 1595 487 1628 ex
514 1580 648 1628 Naxo
686 1579 925 1628 aduersus
951 1579 1150 1628 Titanas
1182 1575 1342 1647 [cum]
1370 1580 1709 1643 proficiscere-

93 1656 174 1700 tur
210 1656 259 1698 et
292 1649 586 1699 sacrificium
622 1649 830 1706 faceret,
878 1649 1092 1714 aquilam
1130 1650 1173 1698 ei
1206 1651 1257 1698 in
1298 1650 1514 1713 auspicio
1554 1665 1703 1715 appa·
1727 1662 1834 1706 74B

27 1716 30 1723 ⁴
92 1721 268 1777 ruisse,
298 1734 444 1785 quam
467 1719 600 1768 hono
624 1721 786 1769 omine
807 1725 1059 1783 acceptam
1083 1718 1263 1769 tutelae
1283 1735 1399 1770 suae
1419 1719 1705 1770 subiecisse.

94 1789 241 1840 habet
269 1789 432 1839 stellas
458 1789 562 1839 IIII.
619 1806 678 1839 ex
706 1791 775 1839 eis
802 1789 963 1839 media
990 1789 1121 1839 clara
1149 1790 1273 1855 est.)

208 1989 261 2028 10
293 1986 469 2027 Catast.
501 2000 544 2039 p.
577 1986 674 2034 259,
710 1982 960 2039 1-131116
993 1985 1172 2028 Catast.
1201 2000 1245 2040 p.
1279 1988 1376 2039 259,
1412 1988 1648 2038 14—260‚
1684 1989 1710 2027 2

210 2170 232 2209 1
264 2167 496 2210 dedicisse
528 2168 570 2207 B
600 2167 833 2220 didicisses
865 2166 940 2222 Pl}
968 2172 993 2210 3
1024 2167 1100 2210 ἐπὶ
1132 2170 1219 2210 τοῦ
1250 2168 1395 2211 τόξου
1428 2163 1486 2221 β’,
1519 2168 1595 2211 ἐπὶ
1626 2171 1711 2222 τῆς

93 2222 251 2267 ἀκίδος
273 2218 317 2276 β’
341 2225 502 2269 Catast.
537 2222 543 2278 Ι
573 2225 783 2266 anchona
805 2228 846 2266 P
862 2222 882 2279 Η
903 2228 928 2266 5
949 2238 1124 2265 summa
1145 2225 1260 2278 pede
1277 2225 1319 2264 B
1340 2223 1357 2279 Η
1386 2227 1434 2265 in
1456 2228 1711 2278 posteriore

95 2294 216 2335 genu
236 2294 314 2323 om.
338 2281 498 2322 Catast.
534 2279 539 2334 Ι
561 2282 586 2320 6
617 2282 749 2323 nauis
783 2286 935 2322 autem
966 2283 1057 2323 VII
1091 2279 1197 2332 (VII
1218 2295 1276 2321 eae
1297 2282 1408 2323 VIII
1429 2295 1543 2323 corr.
1562 2296 1635 2335 pr.
1659 2297 1711 2327 m.

93 2339 138 2378 in
158 2338 200 2376 P
216 2349 396 2390 semper
415 2350 530 2380 corr.
551 2339 595 2377 in
614 2338 701 2379 VII
721 2337 780 2390 B)
814 2337 974 2378 stellas
997 2338 1078 2378 sub
1103 2349 1232 2377 crure
1254 2338 1276 2377 Ι
1308 2338 1611 2389 posteriorum
1635 2339 1715 2391 qui

31 2412 34 2414 ·
95 2405 187 2434 non
226 2393 528 2433 ostenduntur
572 2393 690 2445 quod
730 2397 979 2433 centaurus
1011 2392 1181 2445 duplex
1212 2393 1274 2432 sit
1315 2394 1349 2433 C
1376 2394 1571 2446 relique
1602 2407 1712 2436 uero

96 2451 272 2502 septem
310 2449 469 2489 subtus
501 2461 638 2489 crura.
675 2449 848 2489 similes
881 2448 1061 2501 quidem
1099 2448 1195 2489 illis
1235 2453 1342 2489 sunt
1380 2450 1713 2502 posterioribus

97 2517 214 2558 quae
246 2517 337 2545 non
367 2504 670 2545 ostenduntur
701 2504 820 2556 quod
853 2508 1098 2545 centaurus
1130 2504 1299 2557 duplex
1332 2504 1502 2552 (omisso
1533 2506 1612 2557 sit)
1652 2508 1715 2547 V:

97 2561 366 2614 Breysiyz'mn
394 2561 490 2611 fere
522 2562 565 2600 in
596 2563 812 2612 emplendo
844 2564 934 2601 loco
966 2567 1134 2602 secutus
1163 2574 1251 2601 sum
1287 2558 1310 2615 Π
1353 2564 1406 2602 10
1438 2574 1527 2614 qua
1558 2565 1718 2615 scripsi

97 2629 215 2669 quae
251 2614 318 2669 ΟΙΙ
343 2619 391 2656 11
416 2616 635 2656 interficit
655 2616 697 2656 B
717 2613 735 2670 11
757 2617 944 2657 fulmem
964 2616 1005 2656 B
1027 2614 1045 2666 ΙΙ
1076 2619 1126 2658 12
1159 2617 1454 2670 aesculepius
1486 2618 1527 2657 B
1558 2632 1716 2661 aesco-

95 2670 353 2727 lepius-Pss
385 2675 436 2714 13
466 2673 747 2725 relinquisse
778 2671 820 2711 B
839 2669 858 2726 [1
889 2673 941 2713 16
979 2673 1270 2726 ganimedem
1299 2674 1342 2714 B
1381 2674 1716 2727 gamnimedem

97 2729 139 2769 P
171 2726 190 2782 11
227 2731 279 2770 19
311 2728 600 2783 aglosthenis
633 2729 666 2769 0
702 2741 816 2770 corr.
848 2731 970 2782 uulyo
1009 2727 1334 2781 (Alghostenes
1371 2730 1429 2782 V)
1463 2729 1482 2785 Η
1518 2733 1572 2772 20
1602 2736 1717 2773 natu

55 2827 59 2831 ,
98 2783 153 2824 P¹
187 2783 316 2839 {cum
338 2782 534 2839 add.‚P11
563 2787 616 2826 22
650 2785 798 2824 omine
829 2787 952 2839 uulgo
986 2786 1135 2826 animo
1165 2787 1207 2826 P
1233 2786 1417 2828 homine
1448 2785 1530 2843 ΒΗ
1551 2787 1714 2831 tutelle

99 2837 168 2895 B}
198 2843 252 2883 23
272 2841 346 2882 his
366 2841 408 2881 B
444 2842 560 2883 ieius
582 2843 624 2882 P
640 2837 659 2895 Η
680 2839 799 2882 κατὰ
819 2839 876 2882 τὸ
898 2838 1037 2893 μέεόν
1058 2840 1270 2896 ἀμαυρὸν
1290 2837 1339 2885 α’
1362 2843 1520 2887 Catast.
1543 2842 1563 2899 Η
