1982 3230
168 545 233 583 59
258 541 291 581 G

208 640 299 679 262

201 1631 290 1672 263

319 111 391 164 64
801 83 1101 155 MARTIANI
1131 110 1449 154 cAPELLAE

463 252 502 300 V
540 267 627 301 ore
665 252 930 301 constricto
967 251 1218 318 labrisque
1254 252 1544 318 prominulis
1582 253 1881 310 exhibetur„
1950 249 1962 261 ²

464 322 508 370 X
544 322 777 386 quicquid
817 322 852 371 C
879 328 1027 387 atque
1064 322 1097 372 S
1135 321 1366 373 fffrmauit
1397 323 1636 374 exsibilat.

463 391 503 439 Y
540 394 786 456 appressis
821 391 971 442 labris
997 394 1270 458 spirituque
1307 394 1544 458 procedit.
1601 420 1633 445 a

465 461 498 510 Z
537 478 658 511 uero
712 462 895 511 idcirco
963 464 1146 528 Appius
1202 462 1429 513 Claudius
1473 464 1740 514 detestatur
1795 465 1956 531 quod

536 532 708 582 dentes
745 535 925 582 mortui
963 533 1078 582 dum
1116 534 1407 598 exprimitur
1437 535 1670 584 imitatur.

472 629 774 697 <perstricta
814 638 888 680 est
924 632 1104 680 cursim
1143 632 1346 681 rationis
1384 631 1553 695 regula
1579 633 1783 696 primae,

533 716 659 764 quae
695 700 860 750 multis
897 701 1031 751 tendi
1069 708 1203 750 sueta
1242 701 1591 751 uoluminibus,

392 797 400 805 ·
463 772 513 820 in
553 786 647 835 qua
684 772 924 820 iuncturis
964 771 1077 835 quid
1117 778 1278 821 nectat
1314 771 1475 821 littera
1515 773 1752 837 utrisque,

534 856 629 905 quo
656 840 877 890 admittat
914 843 1094 890 sociam
1121 840 1201 891 uel
1240 842 1383 891 faciat
1420 842 1589 899 latere,

464 926 589 975 quae
628 916 724 976 quo
764 911 1004 960 transiliat
1042 912 1295 961 conuersis
1332 911 1522 976 legibus
1562 927 1667 969 usn,
1949 923 1981 956 1(

536 987 583 1029 et
620 980 1023 1043 transfoi‘matum
1061 996 1242 1030 nomen
1278 981 1463 1032 habere
1490 982 1623 1039 uelit,

463 1065 584 1114 quas
624 1052 723 1099 oris
749 1052 937 1100 sonitus
974 1050 1055 1100 uel
1093 1066 1212 1115 quas
1250 1051 1516 1100 modulatio
1555 1051 1750 1115 linguae

535 1122 736 1201 gignant
773 1127 820 1169 et
858 1120 1002 1184 pulsu
1038 1127 1181 1184 rupta
1219 1120 1396 1171 labella
1435 1137 1539 1170 suo.

463 1206 596 1240 nunc
635 1192 729 1240 iam
770 1193 1037 1255 compactis
1076 1191 1316 1240 cursanda
1356 1197 1428 1241 est
1465 1190 1654 1256 syllaba
1692 1192 1876 1249 formiS,

534 1266 586 1310 ut
615 1256 870 1325 fastigetur
895 1260 1040 1325 longa
1078 1261 1342 1325 breuisque
1381 1262 1497 1310 fuat.
1948 1271 1982 1310 z:

462 1324 584 1380 haec
624 1331 719 1379 duo
757 1345 1062 1411 percurram,
1102 1333 1352 1381 iuncturas
1389 1331 1548 1382 littera
1588 1332 1770 1396 quippe
1959 1329 1963 1345 ³

533 1402 859 1464 praeueniens
898 1401 1062 1450 docuit
1099 1401 1189 1451 sub
1216 1403 1405 1450 ratione
1430 1400 1591 1466 pari.)

463 1470 558 1519 hoc
596 1472 742 1533 igitur
781 1469 998 1520 subdens
1036 1471 1333 1520 nectendum
1372 1472 1587 1535 concipit
1624 1471 1763 1520 ordo.

533 1541 575 1590 si
612 1546 833 1590 uestrum
870 1542 1035 1604 superi
1074 1540 1362 1606 comprobat
1399 1540 1692 1592 arbitrium?

321 1624 443 1673 haec
493 1639 605 1673 cum
645 1625 970 1674 Grammatice
991 1625 1178 1675 diceret
1215 1640 1422 1688 eamque
1458 1600 1982 1692 progrediluppiterffi

322 1692 584 1757 Deliusque
632 1697 990 1760 praeciperent,
1039 1696 1120 1744 hic
1168 1694 1327 1744 Pallas
1374 1695 1463 1744 ede
1511 1697 1736 1744 iunctura
1784 1694 1926 1759 sylla-

321 1765 516 1814 barum’
543 1766 702 1829 inquit
739 1766 876 1814 dum
916 1766 1036 1814 haec
1058 1765 1350 1814 Litteratura
1390 1766 1703 1845 deproperat,
1734 1772 1928 1830 partem
1966 1827 1971 1834 ἰ

321 1835 604 1884 historicam
653 1836 1017 1898 praetermisit.'
1090 1851 1188 1900 quo
1237 1835 1440 1897 uirginis
1488 1835 1685 1885 obiectu
1736 1841 1927 1899 perter-
1966 1895 1967 1898 Ἴ

228 1927 243 1942 ·
320 1906 416 1955 lita
455 1906 599 1954 escio'
627 1906 785 1970 inquit
823 1905 964 1953 ‘mihi
991 1904 1203 1970 plurima
1231 1905 1525 1954 transeunda
1562 1920 1624 1954 ne
1662 1906 1962 1955 minutiora

201 2254 298 2311 ‘264'

202 2481 292 2521 :265

321 1975 563 2024 nectendo
610 1976 854 2025 fastidium
894 1990 1102 2039 superae
1149 1975 1391 2024 beatitatis
1428 1977 1691 2024 incurram.
1743 1989 1924 2039 propo·
1942 1983 1982 2030 ε

321 2045 412 2094 sito
461 2045 608 2106 igitur
646 2059 734 2108 per
783 2045 1157 2108 compendiosos
1213 2044 1360 2094 calles
1414 2045 1588 2094 festina
1643 2045 1924 2109 perfungar,
1967 2041 1971 2046 ’

322 2129 384 2163 ne
433 2114 596 2163 densis
641 2114 931 2163 obumbrata
979 2114 1247 2164 ramalibus
1283 2114 1418 2164 uelut
1455 2116 1724 2167 senticosae
1758 2116 1926 2180 copiae
1959 2109 1976 2138 ²

323 2184 559 2232 densitate
585 2183 859 2233 siluescam
1973 2195 1976 2200 ’

466 2253 658 2319 Syllaba
694 2254 840 2317 igitur
879 2254 1005 2303 dicta
1045 2261 1138 2310 est,
1179 2253 1310 2318 quod
1347 2255 1526 2303 iunctis
1574 2253 1747 2303 litteris
1795 2255 1925 2303 soni-

322 2330 427 2374 tum
465 2324 610 2373 simul
648 2323 998 2388 accipientibus
1035 2324 1344 2373 informetur
1410 2325 1547 2372 cuius
1583 2330 1637 2372 ut
1686 2323 1785 2372 dixi
1822 2292 1982 2382 tresffi

323 2400 488 2459 partes
535 2409 640 2444 esse
688 2409 788 2443 non
836 2393 1038 2442 dubium
1077 2399 1172 2442 est:
1226 2394 1285 2442 de
1323 2394 1573 2450 iunctura,
1615 2393 1675 2443 de
1713 2394 1921 2457 fastigio,
1966 2396 1977 2457 ᾗ

329 2461 452 2534 [aut]
496 2464 555 2514 de
577 2463 976 2528 lono1tud1n1bus
1025 2465 1282 2513 iuncturae
1321 2469 1434 2513 sunt
1472 2478 1655 2527 genera
1694 2469 1982 2535 quattuor}

323 2536 419 2584 duo
457 2533 709 2590 naturalia,
732 2534 848 2583 duo
885 2534 1131 2583 historica.
1200 2533 1438 2583 naturalia
1476 2539 1590 2583 sunt
1627 2549 1750 2583 cum
1776 2549 1918 2598 quae·
1966 2519 1982 2582 3.

323 2607 447 2655 litur
495 2620 592 2654 una
639 2619 861 2668 quaeque
909 2603 1092 2669 syllaba
1139 2610 1303 2653 utrum
1351 2619 1410 2653 ex
1458 2618 1553 2653 una
1608 2618 1670 2652 an
1729 2604 1955 2666 gemina
1962 2602 1982 2675 Q

324 2690 384 2724 an
423 2681 595 2724 neutra
633 2681 772 2737 parte
811 2675 1054 2737 iungatur,
1097 2679 1142 2723 et
1181 2679 1347 2723 utrum
1385 2673 1590 2730 litterae,
1632 2687 1756 2738 quae
1793 2674 1982 2745 intersq

435 2817 460 2856 5
492 2815 641 2855 dentis
670 2826 848 2855 morsus
878 2814 1157 2856 Mommsenus
1177 2814 1297 2854 Ro'm.
1320 2813 1496 2855 Forselz.
1517 2827 1563 2865 p.
1589 2813 1675 2852 304
1703 2808 1724 2866 ss
1764 2812 1790 2852 6
1854 2825 1921 2853 er·
1959 2790 1982 2837 ἐξ

317 2871 486 2911 stricta
511 2871 680 2912 Grotius
710 2871 990 2924 praestricta
1010 2870 1093 2909 BD
1141 2866 1163 2923 H
1210 2872 1262 2911 32
1296 2872 1375 2909 aut
1405 2871 1485 2911 del.
1519 2867 1766 2908 Her-cherua
1814 2825 1848 2923 [f
1963 2878 1968 2882 ·
