1982 3230
183 1147 267 1186 364
328 1146 331 1149 ’

757 0 802 14 “³³
824 0 879 23 ’ἐφ
897 0 1198 45 *Μὴ-κωνιῧηῆγ
1212 6 1287 30 ω-«ι
1388 1 1398 23 Δι
1422 5 1433 13 ··
1448 3 1506 24 ι

967 32 970 38 ’
987 41 990 44 .
1102 27 1105 33 ¹
1146 30 1149 43 ,¹
1338 30 1345 38 2
1388 28 1390 30 ¹
1492 30 1497 37 ι
1559 27 1571 52 ‘q'

316 146 419 198 110
519 115 524 118 ¹
791 145 1093 187 MARTIANI
1113 113 1435 202 CAPELLAE

310 290 433 338 haec
468 290 639 353 utique
673 289 724 336 in
761 286 982 336 subiecto
1018 294 1146 337 sunt.
1221 302 1335 337 nam
1369 302 1572 338 necesse
1597 295 1672 338 est
1696 295 1751 339 ut
1783 289 1909 343 haee

310 359 472 423 omnia
501 357 562 407 ad
599 357 779 423 aliquid
805 359 901 406 sint
927 364 974 406 et
999 359 1040 407 si
1075 373 1173 407 non
1208 358 1342 407 nulla
1376 364 1515 416 sunt,
1543 358 1604 408 de
1629 358 1808 424 quibus
1833 359 1906 410 di-

309 435 508 487 cantur,
544 428 626 477 illa
663 444 788 494 quae
824 428 1076 486 dicuntu1‚
1114 431 1163 478 in
1200 431 1360 478 anima
1395 428 1735 479 uidebuntur.
1787 419 1964 495 quid

306 499 474 549 LOCI‘?
500 499 549 548 id
579 504 651 549 est
676 499 808 564 quod
836 500 1040 548 dicimus
1064 469 1312 549 ’Romaez
1340 498 1495 549 Roma
1521 499 1788 550 substantia
1816 506 1905 568 est,
1970 547 1973 549 ,

304 571 399 634 ipsi
414 570 599 619 Romae
625 569 723 620 hoc
748 569 935 618 accidit.
984 570 1101 635 quid
1121 570 1445 620 TEMPORIS?
1469 576 1524 620 ut
1547 570 1682 620 heri
1708 586 1903 637 nuper
1945 584 1968 618 ο

305 656 337 690 ιι
353 657 378 690 e
394 655 462 704 sp
477 642 584 690 eri.
661 656 871 706 quorum
898 646 1034 690 motu
1059 647 1255 705 tempus
1279 640 1580 704 intellegitur
1604 641 1906 692 substantiae

306 718 443 768 sunt,
482 717 538 760 ut
565 711 680 768 sol,
720 712 859 761 cuius
895 723 1044 761 cursu
1076 718 1271 776 tempus
1309 711 1666 776 intellegimuS,
1704 717 1752 762 et
1776 720 1903 778 quae

305 781 514 846 aliquam
565 781 950 845 intellegentiam
1000 798 1167 831 morae
1216 784 1266 830 in
1317 782 1460 831 nobis
1508 782 1709 832 faciunt.
1784 782 1901 848 quid

303 853 497 903 srrvs‘?
534 859 731 917 utputa
767 855 928 901 iacet
963 853 1150 902 sedet.
1227 853 1342 918 quid
1376 854 1663 904 HABrrvs?
1695 858 1750 902 ut
1774 852 1900 903 cal-

302 925 505 972 ciatus
532 930 829 972 armatus:
858 922 1126 971 substantia
1154 930 1226 972 est
1251 924 1429 972 homo
1457 929 1505 973 et
1530 923 1652 972 haec
1676 922 1747 972 illi
1773 924 1902 973 acci·
1923 931 1965 970 ιο

301 994 437 1043 dunt.
513 994 630 1058 quid
669 994 927 1042 FACERE?
963 1002 1017 1042 ut
1053 1009 1269 1043 secare
1305 1009 1504 1043 urere.
1581 994 1698 1058 quid
1735 993 1902 1043 PATl?

299 1071 350 1113 ut
387 1066 593 1114 secari
631 1066 745 1113 uri.

438 1137 612 1184 Prima
651 1145 1012 1185 SVBSTANTIA
1038 1139 1110 1183 est
1136 1149 1260 1198 quae
1286 1149 1378 1182 nec
1403 1136 1453 1182 in
1481 1133 1702 1183 subiecto
1730 1139 1803 1185 est
1826 1135 1900 1195 in-

296 1205 638 1269 separabiliter
665 1221 826 1270 neque
853 1205 912 1254 de
938 1204 1037 1254 ullo
1065 1204 1287 1253 subiecto
1314 1205 1640 1269 praedicatur.
1702 1205 1895 1270 insepa-

145 1287 275 1327 107G
297 1275 698 1341 rabiliter'autem
721 1276 895 1325 adhoc
917 1276 1186 1325 definitioni
1205 1275 1449 1324 adiectum
1478 1282 1564 1332 est,
1587 1275 1716 1338 quod
1736 1275 1893 1324 omnis
1914 1289 1956 1323 15

173 1986 255 2027 365

292 1349 451 1412 prima
479 1347 748 1396 substantia
777 1347 1002 1409 quamuis
1036 1347 1087 1394 in
1122 1345 1231 1394 loco
1267 1345 1426 1409 aliquo
1465 1348 1529 1394 sit
1562 1352 1725 1395 tamen
1751 1345 1814 1395 ab
1839 1361 1898 1395 eo

292 1419 513 1480 separari
540 1423 587 1466 et
620 1419 834 1480 migrare
859 1422 1036 1480 potest,
1065 1424 1118 1465 ut
1145 1417 1315 1465 Cicero
1342 1418 1406 1464 ita
1442 1418 1490 1465 in
1519 1417 1654 1464 curia
1691 1431 1798 1466 esse
1822 1417 1895 1465 in-

292 1487 555 1552 tellegitur,
587 1494 638 1536 ut
670 1488 782 1537 inde
818 1489 971 1552 possit
997 1487 1158 1551 aliquo
1185 1486 1455 1543 discedere,
1485 1493 1533 1535 et
1557 1501 1671 1550 pars
1706 1488 1894 1551 primae

292 1558 590 1608 substantiae
617 1557 877 1624 <quamuis
913 1560 963 1606 in
996 1563 1101 1607 toto
1128 1558 1189 1605 sit
1221 1571 1321 1604 non
1356 1564 1517 1605 tamen
1555 1554 1893 1621 inseparabili-

291 1635 389 1678 ter:
430 1645 543 1678 nam
571 1631 676 1678 siue
702 1644 757 1677 re
784 1630 887 1692 ipsa
914 1630 1018 1677 siue
1053 1628 1344 1692 cogitatione
1380 1628 1598 1692 separari
1626 1643 1651 1676 a
1679 1641 1890 1691 corpore
1914 1640 1958 1674 20

291 1707 462 1749 nostro
482 1700 740 1748 brachium
761 1706 934 1762 potest.
975 1706 1020 1747 at
1046 1714 1167 1747 uero
1194 1697 1438 1746 rhetorica
1467 1699 1530 1747 ita
1559 1703 1633 1747 est
1655 1699 1707 1746 in
1728 1698 1889 1746 animo

290 1770 541 1820 Ciceronis
569 1777 621 1820 ut
642 1771 786 1819 etiam
814 1772 853 1820 si
880 1769 1040 1834 aliquo
1061 1784 1176 1818 casu
1203 1783 1309 1817 esse
1336 1769 1578 1818 destiterit
1602 1783 1701 1816 non
1726 1773 1890 1816 tamen

288 1841 598 1906 intellegatur
625 1843 855 1904 migrare,
886 1841 1117 1906 quoniam
1145 1854 1237 1888 nec
1271 1854 1382 1888 cum
1409 1854 1516 1888 esse
1543 1839 1716 1903 coepit,
1743 1836 1887 1888 intel-

287 1911 466 1975 legitur
494 1913 770 1961 aduenisse

429 1994 693 2033 SECVNDA
722 1993 1083 2032 SVBSTANTIA
1103 1988 1175 2028 est
1195 1995 1317 2044 quae
1339 1980 1398 2028 de
1423 1981 1596 2044 prima,
1624 1986 1678 2030 ut
1703 1979 1887 2030 dictum
1909 1989 1952 2023 2⁵

286 2058 382 2108 est,
420 2054 733 2117 praedicatur
767 2058 821 2102 ut
857 2053 1004 2101 homo
1043 2052 1102 2099 de
1139 2050 1439 2099 Cicerone
1479 2058 1526 2099 et
1561 2050 1784 2100 animal
1823 2049 1885 2099 de

283 2122 482 2172 homine
510 2131 558 2172 et
584 2125 837 2172 Cicerone.
916 2128 964 2170 et
989 2121 1221 2187 quicquid
1256 2135 1412 2183 genus
1439 2129 1513 2169 est
1546 2122 1733 2184 primae
1768 2119 1883 2170 sub-

283 2195 511 2250 stantiae,
555 2194 768 2242 secunda
807 2192 1076 2242 substantia
1126 2206 1232 2239 esse
1271 2190 1584 2254 intellegitur.
1658 2193 1723 2240 ita
1763 2200 1881 2255 ergo

283 2263 563 2313 substantiis
600 2263 828 2312 omnibus
876 2277 1136 2312 commune
1173 2268 1245 2310 est
1280 2276 1377 2309 non
1417 2275 1522 2310 esse
1558 2262 1607 2308 in
1643 2261 1877 2310 subiecto.

282 2335 439 2399 prima
466 2350 588 2383 uero
614 2350 707 2383 nec
733 2335 792 2383 de
819 2333 1040 2382 subiecto
1068 2339 1141 2382 est
1166 2331 1434 2380 substantia
1460 2346 1553 2379 nec
1577 2332 1766 2380 intendi
1790 2346 1882 2380 nec
1904 2341 1947 2374 ³⁰

282 2406 467 2454 remitti
491 2411 650 2470 potest
685 2406 731 2454 id
761 2410 835 2454 est
868 2406 1093 2468 recipere
1129 2403 1285 2465 magis
1312 2408 1359 2450 et
1393 2403 1571 2450 minuS.
1635 2408 1684 2451 et
1709 2403 1748 2450 si
1774 2403 1882 2467 qui-

395 2590 416 2628 1
449 2588 661 2629 subiecta
689 2589 727 2629 R
775 2585 794 2642 [l
841 2590 867 2628 2
898 2588 1050 2629 omnia
1081 2588 1104 2628 b
1134 2585 1318 2626 nomina
1344 2584 1425 2625 BR
1538 2585 1578 2625 si
1607 2598 1684 2627 om.
1703 2582 1806 2625 B1R

279 2645 371 2684 sint
399 2658 475 2685 om.
498 2645 540 2684 B
578 2642 598 2698 Π
634 2646 663 2686 5
692 2645 811 2685 haec
842 2644 1057 2684 accidunt
1080 2642 1212 2695 (corr.
1234 2655 1291 2682 ex
1321 2581 1511 2692 accidillz)
1542 2641 1580 2681 R
1627 2637 1646 2695 ΙΙ
1695 2638 1822 2681 eriR

277 2702 303 2741 9
335 2695 573 2742 calceatus
596 2701 620 2741 b
668 2698 688 2755 Ι]
738 2703 788 2742 13
821 2702 933 2740 item
962 2701 1016 2741 de
1048 2700 1313 2740 substantia
1347 2703 1445 2737 ante
1479 2697 1739 2737 substantia.
1770 2697 1872 2737 add.

277 2756 359 2797 BR
396 2754 416 2812 ss
452 2758 599 2811 prima
621 2759 771 2798 addidi
807 2754 826 2811 Ι]
867 2758 919 2797 15
941 2757 997 2797 ad
1020 2756 1060 2795 B
1082 2756 1137 2796 ob
1167 2755 1206 2795 R
1250 2750 1271 2808 [J
1329 2755 1380 2793 17
1420 2753 1707 2805 intelligatur
1734 2753 1774 2793 R
1827 2748 1849 2806 ll

277 2814 329 2852 21
375 2814 433 2854 ad
460 2815 502 2854 D
549 2811 569 2868 ΙΙ
617 2814 849 2854 rethorica
877 2812 963 2852 BD
1017 2809 1110 2867 {123
1149 2812 1305 2863 caepit
1334 2811 1373 2849 D
1419 2806 1440 2863 ss
1486 2811 1540 2850 25
1579 2808 1640 2849 de
1667 2807 1870 2849 secunda

278 2869 538 2910 substantia
569 2875 667 2911 ante
699 2869 900 2910 secunda
929 2870 1029 2909 addz
1046 2869 1131 2908 BD
1163 2865 1183 2922 ss
1224 2869 1278 2907 29
1309 2878 1544 2906 cummune
1565 2865 1607 2904 D
1643 2862 1663 2919 ss
1698 2866 1753 2906 30
1781 2864 1875 2918 pri-

274 2937 347 2965 mo
368 2926 408 2978 D
430 2933 472 2966 et
503 2929 546 2967 in
574 2928 671 2970 edd.
703 2928 800 2967 inde
828 2940 855 2966 a
876 2939 909 2978 p
956 2923 976 2980 ΙΙ
1014 2927 1066 2966 31
1097 2923 1310 2966 remitiD
1347 2918 1368 2976 [Ι
