1982 3230
787 71 974 112 LIBER
1004 71 1045 112 v
1611 67 1711 120 177
1767 130 1778 141 ,

102 226 233 266 nunc
260 230 319 264 ex
346 214 532 264 ambitu
557 212 810 278 periodico
839 227 971 262 nunc
997 227 1055 262 ex
1082 211 1164 262 illa
1202 212 1568 262 continuatione
1597 226 1710 276 per-

99 293 276 351 petuae
317 285 605 335 elocutionis
640 289 860 348 aptetur,
911 298 1011 332 non
1045 298 1316 347 numquam
1354 284 1511 333 caesis
1558 284 1708 332 inter-

99 365 244 420 rupta
284 356 455 412 fuerit,
504 354 766 419 aliquando
805 353 911 403 colo
945 355 1272 403 consocietur.
1349 354 1513 403 differt
1547 359 1708 403 autem
1741 366 1827 408 530

98 427 255 489 figura
292 425 581 476 elocutionis
617 441 642 474 a
670 426 826 488 figura
853 426 1124 473 sententiae
1151 424 1247 473 boc
1274 424 1402 488 quod
1438 426 1708 474 sententiae

54 509 77 541 5
99 497 255 560 figura
281 497 534 545 immutato
563 494 832 544 uerborum
859 495 1032 543 ordine
1059 509 1260 543 manere
1287 501 1472 557 potest:
1513 501 1561 543 at
1586 510 1708 543 uero

99 568 254 631 figura
291 565 581 615 elocutionis
626 566 732 629 ipso
768 564 1039 614 uerborum
1075 571 1261 613 mutato
1297 565 1472 614 ordine
1508 580 1708 613 manere

98 651 195 686 non
223 637 415 701 poterit,
445 637 671 701 quamuis
696 635 991 699 plerumque
1018 635 1125 684 fieri
1162 642 1324 697 potest
1360 641 1413 683 ut
1438 636 1708 684 sententiae

96 707 253 770 figura
289 707 617 769 coniungatur
657 721 771 754 cum
816 704 1104 754 elocutionis
1143 705 1300 768 figura
1347 712 1401 754 ut
1435 706 1485 754 in
1531 707 1705 759 ironia,

97 792 222 842 quae
245 778 401 840 figura
431 784 504 826 est
529 778 827 833 sententiae,
867 776 1183 839 epanaphora
1210 777 1554 840 permiscetur,
1584 791 1710 840 quac

32 861 75 893 ιο
97 854 170 898 est
193 846 500 898 elocutionis,
1552 889 1559 896 .

238 919 361 968 Sunt
404 919 551 982 igitur
596 918 783 981 figurae
829 916 1120 966 elocutionis
1164 916 1285 966 aliae
1334 917 1393 966 ad
1435 917 1706 966 ornandam
1740 931 1822 972 531

95 994 283 1038 tantum
336 996 384 1038 et
426 991 565 1053 quasi
618 988 916 1052 pingendam
966 988 1240 1036 orationem
1290 987 1707 1046 accommodatae,

97 1058 278 1124 quibus
313 1074 444 1108 nunc
481 1060 682 1108 utimur.
758 1056 1035 1110 ἀντίθετον
1084 1058 1134 1107 id
1172 1063 1247 1107 est
1284 1060 1610 1122 compositum
1648 1074 1703 1107 ex
1731 1071 1863 1113 1746?

99 1130 357 1178 contrariis
394 1144 506 1178 cum
542 1128 695 1178 uerba
723 1129 990 1193 pugnantia
1029 1129 1158 1178 inter
1185 1143 1237 1178 se
1270 1128 1473 1193 paribus
1502 1129 1708 1178 uocibus

34 1212 76 1245 15
99 1198 399 1249 colliduntur
426 1199 505 1249 uel
532 1201 669 1264 paria
698 1199 898 1263 paribus
925 1205 1244 1263 opponuntur
1269 1205 1324 1248 ut
1350 1205 1424 1248 est
1450 1199 1714 1258 Ciceronis

97 1270 292 1319 ‘domus
336 1269 426 1318 tibi
470 1270 665 1326 deerat,
713 1275 762 1318 at
797 1269 1042 1318 habebas:
1086 1271 1297 1333 pecunia
1333 1269 1622 1332 superabat,
1661 1276 1709 1318 at

99 1339 300 1403 egebas'
326 1345 410 1388 aut
435 1340 475 1389 si
501 1339 635 1389 dicas
663 1340 733 1388 ‘in
760 1354 881 1403 pace
908 1340 968 1389 ad
995 1340 1248 1390 uexandos
1275 1340 1411 1388 ciues
1437 1340 1709 1390 acerrimus

96 1412 146 1459 in
172 1409 302 1459 bello
329 1410 389 1459 ad
417 1410 772 1474 expugnandos
808 1410 975 1466 hostes
1001 1411 1368 1459 inertissimus'.
1445 1408 1707 1463 ἰεόκωλον

97 1488 358 1545 aequatum
385 1480 635 1541 memhris
664 1481 793 1545 quod
816 1481 869 1530 fit
896 1496 994 1530 non
1020 1478 1116 1549 [in]
1140 1480 1472 1545 pugnantibus
1498 1483 1628 1531 inter
1655 1498 1707 1532 se

32 1566 73 1598 20
97 1550 264 1600 uerbis
291 1550 377 1600 sed
402 1551 604 1615 paribus
631 1553 929 1616 exaequatis,
957 1557 1012 1600 ut
1037 1552 1077 1601 si
1105 1552 1239 1600 dicas
1266 1550 1492 1602 ‘classem
1519 1554 1707 1615 specio-

96 1622 336 1671 sissimam
364 1629 410 1671 et
436 1622 828 1672 robustissimam
854 1623 1099 1678 instruxit,
1130 1623 1402 1672 exercitum
1429 1621 1707 1687 pulcherri-

95 1707 231 1741 mum
271 1698 319 1742 et
346 1691 668 1742 fortissimum
696 1691 839 1757 legit,
877 1693 1125 1742 sociorum
1163 1693 1425 1741 maximam
1454 1699 1501 1741 et
1526 1692 1706 1742 fidelis-

214 1861 266 1900 16
296 1860 436 1914 uulgo
458 1861 623 1913 fragm.
646 1860 824 1912 Scaur„
847 1864 896 1902 at
915 1873 959 1901 u.
981 1861 1160 1902 Halmii
1180 1861 1389 1920 rhetores
1410 1874 1455 1914 p.
1476 1863 1546 1914 30,
1571 1863 1592 1902 1

214 1988 239 2026 2
284 1999 622 2040 nonnumquam
654 1987 816 2030 Ruhnk.
856 1985 937 2039 (ad
956 1988 1100 2041 Aquil.
1129 1988 1153 2037 ξ
1183 1987 1256 2039 19)
1308 1987 1576 2028 nonnullam
1607 1987 1707 2029 Bw

96 2042 318 2084 nonnulla
348 2043 398 2084 br
445 2040 463 2096 Η
513 2046 538 2084 3
577 2045 866 2084 consocietur
898 2044 1069 2085 Grotius
1101 2045 1337 2085 consociet
1365 2044 1448 2085 BR
1495 2042 1514 2098 ΙΙ
1564 2046 1589 2085 5
1630 2058 1707 2097 po-

96 2103 191 2139 test
221 2102 269 2139 at
306 2112 415 2140 uero
452 2098 599 2152 figura
638 2100 914 2141 elocutionis
953 2101 1052 2152 ipso
1092 2100 1338 2141 uerborum
1377 2104 1553 2142 mutato
1595 2102 1705 2151 (mo-

96 2159 195 2196 tato
217 2154 276 2206 D)
307 2156 466 2196 ordine
487 2168 672 2196 manere
695 2158 796 2197 add.
820 2156 903 2196 DE
934 2170 1010 2198 om.
1035 2156 1117 2197 BR
1148 2159 1495 2209 ‘supplementum
1515 2159 1558 2198 in
1579 2159 1704 2199 codd.

94 2213 270 2265 reliquis
311 2212 469 2263 factum
519 2214 689 2253 uidetur
734 2226 785 2253 ac
835 2215 978 2265 potius
1024 2226 1083 2254 ex
1122 2213 1284 2267 Aquila
1330 2215 1393 2254 sic
1440 2214 1708 2254 scribendum

98 2267 217 2320 quod
248 2269 508 2309 sententiae
540 2268 687 2322 figura
715 2269 942 2310 inmutato
962 2270 1206 2310 uerborum
1237 2269 1394 2310 ordine
1430 2266 1606 2322 [manet
1637 2271 1705 2310 ni·

95 2323 191 2365 hilo
242 2325 414 2376 minus,
452 2324 736 2366 elocutionis
776 2329 931 2366 autem
969 2327 1196 2366 inmutato
1236 2326 1481 2366 uerborum
1527 2323 1705 2378 ordine]

97 2392 284 2421 manere
322 2393 411 2420 non
449 2381 638 2434 poterit’
670 2382 864 2422 Halmius
920 2378 938 2435 Η
996 2383 1022 2422 8
1072 2382 1217 2434 figura
1258 2382 1596 2434 coniungantur
1624 2382 1706 2423 BR

97 2436 196 2485 (sed
213 2448 243 2475 n
262 2437 305 2475 in
326 2435 549 2488 Rpunct.)
575 2434 596 2490 l}
634 2439 683 2477 11
716 2438 798 2478 DE
828 2437 1072 2479 FIGVRIS
1103 2437 1516 2479 ELOCVTIONIS
1540 2437 1705 2489 (ELO-

98 2491 428 2543 QVVTIONIS
452 2490 506 2544 R>
526 2491 608 2533 BR
641 2489 664 2547 Π
699 2494 951 2534 ornandum
972 2494 996 2534 b
1025 2490 1044 2548 Η
1075 2496 1126 2534 12
1149 2495 1282 2547 quasi
1304 2494 1363 2535 ad
1392 2508 1417 2533 r
1454 2490 1473 2548 Η
1511 2506 1704 2534 commo-

98 2548 237 2588 datae
260 2548 342 2589 BR
370 2562 484 2591 corr.
507 2548 608 2600 Kop
642 2551 706 2590 ius
743 2546 764 2603 ll
813 2552 863 2590 13
895 2551 1151 2602 oppositum
1172 2550 1444 2591 Ruhnkenius
1481 2546 1501 2603 11
1550 2552 1602 2590 14
1633 2562 1703 2590 re-

97 2605 356 2658 pugnantia
389 2605 559 2646 Grotius
682 2606 735 2646 15
771 2608 823 2645 ut
854 2609 923 2646 est
954 2609 976 2647 ἒ
1009 2606 1235 2647 ciceronis
1264 2605 1324 2646 B¹
1373 2603 1392 2660 ΙΙ
1445 2608 1495 2647 17
1536 2607 1706 2647 acerri-

97 2661 589 2702 mus—inertissimus
620 2661 643 2701 b
675 2662 1313 2703 acerrimos—inertissimos
1343 2661 1426 2703 BR
1472 2659 1491 2716 ΙΙ
1542 2663 1595 2704 18
1627 2676 1703 2703 ex-

99 2716 367 2770 pugnandos
397 2717 420 2758 b
467 2723 509 2758 et
546 2718 670 2758 codd.
703 2717 886 2771 Aquilae
930 2718 1201 2770 pugnandos
1239 2718 1320 2759 BR
1370 2718 1703 2772 depugnandos

100 2772 294 2869 Zalrrzius
312 2769 349 2883 nl}
390 2775 442 2814 19
473 2775 522 2814 in
552 2776 632 2815 del.
657 2774 850 2815 Halmius
888 2770 907 2828 ΙΙ
945 2775 997 2814 21
1032 2775 1232 2815 extruxit
1252 2774 1333 2815 BR
1363 2787 1436 2816 em.
1461 2775 1622 2816 Ruhnk.
1645 2788 1705 2816 ex

147 2841 215 2882 qut
233 2842 260 2869 a

185 2924 451 2956 MAR'HANUS
482 2926 691 2956 CAPELLA
1299 2899 1365 2953 12
